@inproceedings{Chauffert2013,
	title={{Variable density compressed sensing in MRI. Theoretical vs heuristic sampling strategies}},
	author={Chauffert, Nicolas and Ciuciu, Philippe and Weiss, Pierre},
	booktitle={2013 IEEE 10th International Symposium on Biomedical Imaging},
	pages={298--301},
	year={2013},
	organization={IEEE}
}

@article{Puy2011,
	title={On variable density compressive sampling},
	author={Puy, Gilles and Vandergheynst, Pierre and Wiaux, Yves},
	journal={IEEE signal processing letters},
	volume={18},
	number={10},
	pages={595--598},
	year={2011},
	publisher={IEEE}
}


@article{Donoho2006,
	title={Compressed sensing},
	author={Donoho, David L},
	journal={IEEE Transactions on Information Theory},
	volume={52},
	number={4},
	pages={1289--1306},
	year={2006},
	publisher={IEEE}
}

@article{Candes2006,
	title={Robust uncertainty principles: Exact signal reconstruction from highly incomplete frequency information},
	author={Cand{\`e}s, Emmanuel J and Romberg, Justin and Tao, Terence},
	journal={IEEE Transactions on Information Theory},
	volume={52},
	number={2},
	pages={489--509},
	year={2006},
	publisher={IEEE}
}

@article{Glover1992,
	title={Projection reconstruction techniques for reduction of motion effects in {MRI}},
	author={Glover, Gary H and Pauly, John M},
	journal={Magnetic resonance in medicine},
	volume={28},
	number={2},
	pages={275--289},
	year={1992},
	publisher={Wiley Online Library}
}


@article{Bergin1991,
	title={Lung parenchyma: Projection reconstruction {MR imaging}},
	author={Bergin, Colleen J and Pauly, John M and Macovski, A},
	journal={Radiology},
	volume={179},
	number={3},
	pages={777--781},
	year={1991}
}

@article{Ahn1986,
	title={High-speed spiral-scan echo planar {NMR imaging-I}},
	author={Ahn, CB and Kim, JH and Cho, ZH},
	journal={IEEE transactions on medical imaging},
	volume={5},
	number={1},
	pages={2--7},
	year={1986},
	publisher={IEEE}
}


@article{Meyer1992,
	title={Fast spiral coronary artery imaging},
	author={Meyer, Craig H and Hu, Bob S and Nishimura, Dwight G and Macovski, Albert},
	journal={Magnetic resonance in medicine},
	volume={28},
	number={2},
	pages={202--213},
	year={1992},
	publisher={Wiley Online Library}
}


@article{Schlemper2018,
    title = {{A Deep Cascade of Convolutional Neural Networks for Dynamic MR Image Reconstruction}},
    year = {2018},
    journal = {IEEE Transactions on Medical Imaging},
    author = {Schlemper, Jo and Caballero, Jose and Hajnal, Joseph V. and Price, Anthony N. and Rueckert, Daniel},
    number = {2},
    pages = {491--503},
    volume = {37},
    issn = {1558254X},
    pmid = {29035212},
    arxivId = {1704.02422},
    keywords = {Deep learning, compressed sensing, convolutional neural network, dynamic magnetic resonance imaging, image reconstruction}
}

@inproceedings{Ramzi2020_benchmark_conf,
    title = {{Benchmarking Deep Nets MRI Reconstruction Models on the Fastmri Publicly Available Dataset}},
    year = {2020},
    booktitle = {Proceedings - International Symposium on Biomedical Imaging},
    author = {\textbf{Zaccharie Ramzi} and Ciuciu, Philippe and Starck, Jean Luc},
    pages = {1441--1445},
    volume = {2020-April},
    isbn = {9781538693308},
    issn = {19458452},
    keywords = {Deep learning, MRI reconstruction, fastMRI}
}

@article{Ramzi2020_benchmark_journal,
    title = {{Benchmarking MRI reconstruction neural networks on large public datasets}},
    year = {2020},
    journal = {Applied Sciences (Switzerland)},
    author = {\textbf{Zaccharie Ramzi} and Ciuciu, Philippe and Starck, Jean Luc},
    number = {5},
    volume = {10},
    issn = {20763417},
    keywords = {Deep learning, FastMRI, Image reconstruction, MRI, Neural networks, OASIS}
}

@inproceedings{Ramzi2019,
    title = {{Benchmarking proximal methods acceleration enhancements for CS-acquired MR image analysis reconstruction}},
    year = {2019},
    booktitle = {SPARS 2019 - Signal Processing with Adaptive Sparse Structured Representations Workshop},
    author = {\textbf{Zaccharie Ramzi} and Ciuciu, Philippe and Starck, Jean-Luc and Starck Benchmarking, Jean-Luc},
    arxivId = {1807.04005}
}

@inproceedings{Ramzi2020_dsm,
    title = {{Denoising Score-Matching for Uncertainty Quantification in Inverse Problems}},
    year = {2020},
    booktitle = {NeurIPS 2020 Deep Learning and Inverse Problems workshop},
    author = {\textbf{Zaccharie Ramzi} and Remy, Benjamin and Lanusse, Francois and Starck, Jean-Luc and Ciuciu, Philippe},
    arxivId = {2011.08698}
}

@inproceedings{Ramzi2021_ncpdnet_conf,
    title = {{Density compensated unrolled networks for non-cartesian MRI reconstruction}},
    year = {2021},
    booktitle = {Proceedings - International Symposium on Biomedical Imaging},
    author = {\textbf{Zaccharie Ramzi} and Starck, Jean Luc and Ciuciu, Philippe},
    pages = {1443--1447},
    volume = {2021-April},
    isbn = {9781665412469},
    issn = {19458452},
    arxivId = {2101.01570},
    keywords = {Deep learning, Density compensation, FastMRI, MRI reconstruction, NFFT}
}

@unpublished{chaithya2021hybrid,
  title={Hybrid learning of Non-Cartesian k-space trajectory and MR image reconstruction networks},
  author={Chaithya, GR and \textbf{Zaccharie Ramzi} and Ciuciu, Philippe},
  year={2021}
}

@article{Caballero2014,
    title = {{Dictionary learning and time sparsity for dynamic MR data reconstruction}},
    year = {2014},
    journal = {IEEE Transactions on Medical Imaging},
    author = {Caballero, Jose and Price, Anthony N. and Rueckert, Daniel and Hajnal, Joseph V.},
    number = {4},
    pages = {979--994},
    volume = {33},
    publisher = {IEEE},
    issn = {02780062},
    pmid = {24710166},
    keywords = {Compressed sensing (CS), Dictionary learning, Dynamic magnetic resonance imaging, Image reconstruction, Sparse coding}
}

@techreport{Zbontar,
    title = {{fastMRI: An Open Dataset and Benchmarks for Accelerated MRI}},
    year = {2018},
    author = {Zbontar, Jure and Knoll, Florian and Sriram, Anuroop and Murrell, Tullie and Huang, Zhengnan and Muckley, Matthew J. and Defazio, Aaron and Stern, Ruben and Johnson, Patricia and Bruno, Mary and Parente, Marc and Geras, Krzysztof J. and Katsnelson, Joe and Chandarana, Hersh and Zhang, Zizhao and Drozdzal, Michal and Romero, Adriana and Rabbat, Michael and Vincent, Pascal and Yakubova, Nafissa and Pinkerton, James and Wang, Duo and Owens, Erich and Zitnick, C. Lawrence and Recht, Michael P. and Sodickson, Daniel K. and Lui, Yvonne W.},
    issn = {2331-8422},
    arxivId = {1811.08839}
}

@inproceedings{Riemenschneider2021,
author = {Riemenschneider, Bruno and Muckley, Matthew and Radmanesh, Alireza and Kim, Sunwoo and Jeong, Geunu and Ko, Jingyu and Jun, Yohan and Shin, Hyungseob and Hwang, Dosik and Mostapha, Mahmoud and Arberet, Simon and Nickel, Dominik and \textbf{Zaccharie Ramzi} and Ciuciu, Philippe and Starck, Jean Luc and Teuwen, Jonas and Karkalousos, Dimitrios and Zhang, Chaoping and Sriram, Anuroop and Huang, Zhengnan and Yakubova, Nafissa and Lui, Yvonne W. and Knoll, Florian},
booktitle = {ISMRM},
addendum = {Oral},
title = {{Results of the 2020 fastMRI Brain Reconstruction Challenge}},
year = {2021}
}


@article{Zhu2018,
    title = {{Image reconstruction by domain-transform manifold learning}},
    year = {2018},
    journal = {Nature},
    author = {Zhu, Bo and Liu, Jeremiah Z. and Cauley, Stephen F. and Rosen, Bruce R. and Rosen, Matthew S.},
    number = {7697},
    month = {3},
    pages = {487--492},
    volume = {555},
    publisher = {Nature Publishing Group},
    issn = {14764687},
    pmid = {29565357},
    arxivId = {1704.08841},
    keywords = {Computational science, Information theory and computation}
}

@inproceedings{Ramzi2021_igogd,
    title = {{Is good old GRAPPA dead?}},
    year = {2021},
    booktitle = {ISMRM},
    author = {\textbf{Zaccharie Ramzi} and Vignaud, Alexandre and Starck, Jean-Luc and Ciuciu, Philippe},
    isbn = {2106.00753v1},
    arxivId = {2106.00753}
}

@article{Adler2018,
    title = {{Learned Primal-Dual Reconstruction}},
    year = {2018},
    journal = {IEEE Transactions on Medical Imaging},
    author = {Adler, Jonas and {\"{O}}ktem, Ozan},
    number = {6},
    pages = {1322--1332},
    volume = {37},
    issn = {1558254X},
    pmid = {29870362},
    arxivId = {1707.06474},
    keywords = {Inverse problems, deep learning, optimization, primal-dual, tomography}
}

@inproceedings{Gregor2010,
    title = {{Learning fast approximations of sparse coding}},
    year = {2010},
    booktitle = {ICML 2010 - Proceedings, 27th International Conference on Machine Learning},
    author = {Gregor, Karol and LeCun, Yann},
    pages = {399--406},
    isbn = {9781605589077},
    keywords = {deep learning, feature extraction, sparse coding}
}

@inproceedings{GR2021,
    title = {{Learning the sampling density in 2D SPARKLING MRI acquisition for optimized image reconstruction}},
    year = {2021},
    booktitle = {European Signal Processing Conference},
    author = {G R, Chaithya and \textbf{Zaccharie Ramzi} and Ciuciu, Philippe},
    arxivId = {2103.03559},
    keywords = {Compressed Sensing, Index Terms-non-Cartesian trajectories, MRI, reconstruction networks}
}

@unpublished{Ramzi2021_ncpdnet_journal,
    title = {{NC-PDNet: a Density-Compensated Unrolled Network for 2D and 3D non-Cartesian MRI Reconstruction}},
    year = {2021},
    author = {\textbf{Zaccharie Ramzi} and Starck, Jean-Luc and G R, Chaithya  and Ciuciu, Philippe},
    addendum = {Accepted to IEEE Transactions on Medical Imaging},
}

@inproceedings{Schlemper_non_uniform,
    title = {{Nonuniform Variational Network: Deep Learning for Accelerated Nonuniform MR Image Reconstruction}},
    year = {2019},
    booktitle = {Proceedings of the International Conference on Medical Image Computing and Computer-Assisted Intervention},
    author = {Schlemper, Jo and Sadegh, Seyed and Salehi, Mohseni and Kundu, Prantik and Lazarus, Carole and Dyvorne, Hadrien and Rueckert, Daniel and Sofka, Michal},
    pages = {57--64}
}

@inproceedings{Remy2020,
    title = {{Probabilistic Mapping of Dark Matter by Neural Score Matching}},
    year = {2020},
    booktitle = {NeurIPS 2020 Machine Learning for Physical sciences workshop},
    author = {Remy, Benjamin and Lanusse, Francois and \textbf{Zaccharie Ramzi} and Liu, Jia and Jeffrey, Niall and Starck, Jean-Luc},
    number = {1},
    pages = {1--6},
    arxivId = {2011.08271}
}

@article{Farrens2020,
    title = {{PySAP: Python Sparse Data Analysis Package for multidisciplinary image processing}},
    year = {2020},
    journal = {Astronomy and Computing},
    author = {Farrens, Samuel and Grigis, Antoine and El Gueddari, Loubna and \textbf{Zaccharie Ramzi} and G R, Chaithya  and Starck, Sophie and Sarthou, Benoit and Cherkaoui, Hamza and Ciuciu, Philippe and Starck, Jean-Luc},
    volume = {32},
    arxivId = {1910.08465},
    keywords = {Convex optimisation, Image processing, Open-source software, Reconstruction}
}

@article{Muckley2021,
    title = {{Results of the 2020 fastMRI Challenge for Machine Learning MR Image Reconstruction}},
    year = {2021},
    journal = {IEEE Transactions on Medical Imaging},
    author = {Muckley, Matthew J. and {...} and \textbf{Zaccharie Ramzi} and Ciuciu, Philippe and Starck, Jean Luc and {...} and Knoll, Florian},
    number = {9},
    pages = {2306--2317},
    volume = {40},
    issn = {1558254X},
    pmid = {33929957},
    arxivId = {2012.06318},
    keywords = {Challenge, MR image reconstruction, compressed sensing, fast imaging, machine learning, optimization, parallel imaging, public data set}
}

@inproceedings{Yang2016,
    title = {{RippleFPGA: A routability-driven placement for large-scale heterogeneous FPGAs}},
    year = {2016},
    booktitle = {IEEE/ACM International Conference on Computer-Aided Design, Digest of Technical Papers, ICCAD},
    author = {Pui, Chak Wa and Chen, Gengjie and Chow, Wing Kai and Lam, Ka Chun and Kuang, Jian and Tu, Peishan and Zhang, Hang and Young, Evangeline F.Y. and Yu, Bei},
    pages = {10--18},
    volume = {07-10-Nove},
    isbn = {9781450344661},
    issn = {10923152},
    arxivId = {1705.06869}
}

@inproceedings{Ramzi2021_shine,
    title = {{SHINE: SHaring the INverse Estimate from the forward pass for bi-level optimization and implicit models}},
    year = {2022},
    author = {\textbf{Zaccharie Ramzi} and Mannel, Florian and Bai, Shaojie and Starck, Jean-Luc and Ciuciu, Philippe and Moreau, Thomas},
    booktitle = {ICLR},
}

@article{Lustig2007,
    title = {{Sparse MRI: The application of compressed sensing for rapid MR imaging}},
    year = {2007},
    journal = {Magnetic Resonance in Medicine},
    author = {Lustig, Michael and Donoho, David and Pauly, John M.},
    number = {6},
    pages = {1182--1195},
    volume = {58},
    isbn = {0010-3624},
    issn = {07403194},
    pmid = {17969013},
    keywords = {Compressed sensing, Compressive sampling, Nonlinear reconstruction, Random sampling, Rapid MRI, Sparse reconstruction, Sparsity}
}

@unpublished{Gottschling2020,
    title = {{The troublesome kernel: why deep learning for inverse problems is typically unstable}},
    year = {2020},
    author = {Gottschling, Nina M. and Antun, Vegard and Adcock, Ben and Hansen, Anders C.},
    arxivId = {2001.01258},
    keywords = {65M12, 68T05, 94A08, Deep learning, imaging, inverse problems, sparse regularization Mathematics Subject Classifi, stability}
}

@inproceedings{Ramzi2020_learnlets_conf,
    title = {{Wavelets in the deep learning era}},
    year = {2021},
    booktitle = {European Signal Processing Conference},
    addendum = {Oral},
    author = {\textbf{Zaccharie Ramzi} and Starck, Jean Luc and Moreau, Thomas and Ciuciu, Philippe},
    pages = {1417--1421},
    volume = {2021-Janua},
    isbn = {9789082797053},
    issn = {22195491},
    keywords = {Deep Learning, Denoising, Image restoration, Machine Learning, Neural Networks, Wavelets}
}

@inproceedings{Ramzi2020_xpdnet,
    title = {{XPDNet for MRI Reconstruction: an application to the 2020 fastMRI challenge}},
    year = {2020},
    booktitle = {ISMRM},
    author = {\textbf{Zaccharie Ramzi} and Ciuciu, Philippe and Starck, Jean-Luc},
    arxivId = {2010.07290},
    addendum        = {Oral},
}

@techreport{Hammernik2019Sigma-net:Reconstruction,
    title = {{$\Sigma$-net: Systematic Evaluation of Iterative Deep Neural Networks for Fast Parallel MR Image Reconstruction}},
    year = {2019},
    author = {Hammernik, Kerstin and Schlemper, Jo and Qin, Chen and Duan, Jinming and Summers, Ronald M. and Rueckert, Daniel},
    arxivId = {1912.09278},
}

@article{Chhor2017AbbreviatedScreening,
    title = {{Abbreviated MRI protocols: Wave of the future for breast cancer screening}},
    year = {2017},
    journal = {American Journal of Roentgenology},
    author = {Chhor, Chloe M. and Mercado, Cecilia L.},
    number = {2},
    pages = {284--289},
    volume = {208},
    issn = {15463141},
    pmid = {27809564},
    keywords = {Abbreviated MRI protocol, Breast MRI, Breast cancer screening, Ultrafast MRI protocol}
}

@article{Pezzotti2020AnReconstruction,
    title = {{An adaptive intelligence algorithm for undersampled knee MRI reconstruction}},
    year = {2020},
    journal = {IEEE Access},
    author = {Pezzotti, Nicola and Yousefi, Sahar and Elmahdy, Mohamed S. and van Gemert, Jeroen Hendrikus Fransiscus and Schuelke, Christophe and Doneva, Mariya and Nielsen, Tim and Kastryulin, Sergey and Lelieveldt, Boudewijn P.F. and van Osch, Matthias J.P. and Weerdt, Elwin D.E. and Staring, Marius},
    pages = {204825--204838},
    volume = {8},
    issn = {21693536},
    arxivId = {2004.07339},
    keywords = {Deep learning, FastMRI challenge, ISTA, Image reconstruction, MRI}
}

@article{Kustner2020CINENet:Convolutions,
    title = {{CINENet: deep learning-based 3D cardiac CINE MRI reconstruction with multi-coil complex-valued 4D spatio-temporal convolutions}},
    year = {2020},
    journal = {Scientific Reports},
    author = {K{\"{u}}stner, Thomas and Fuin, Niccolo and Hammernik, Kerstin and Bustin, Aurelien and Qi, Haikun and Hajhosseiny, Reza and Masci, Pier Giorgio and Neji, Radhouene and Rueckert, Daniel and Botnar, René M. and Prieto, Claudia},
    number = {1},
    pages = {1--13},
    volume = {10},
    publisher = {Nature Publishing Group UK},
    isbn = {0123456789},
    issn = {20452322},
    pmid = {32792507}
}

@unpublished{Gilton2021DeepImaging,
    title = {{Deep Equilibrium Architectures for Inverse Problems in Imaging}},
    year = {2021},
    author = {Gilton, Davis and Ongie, Gregory and Willett, Rebecca},
    pages = {1--21},
    arxivId = {2102.07944}
}

@inproceedings{Bai2019DeepModels,
    title = {{Deep equilibrium models}},
    year = {2019},
    booktitle = {Advances in Neural Information Processing Systems},
    author = {Bai, Shaojie and Zico Kolter, J. and Koltun, Vladlen},
    volume = {32},
    issn = {10495258},
    arxivId = {1909.01377}
}


@article{Hutchinson1988FastDetectors,
    title = {{Fast MRI data acquisition using multiple detectors}},
    year = {1988},
    journal = {Magnetic Resonance in Medicine},
    author = {Hutchinson, Michael and Raff, Ulrich},
    number = {1},
    month = {1},
    pages = {87--91},
    volume = {6},
    publisher = {John Wiley {\&} Sons, Ltd},
    issn = {15222594},
    pmid = {3352509}
}

@article{Griswold2002GeneralizedGRAPPA,
    title = {{Generalized Autocalibrating Partially Parallel Acquisitions (GRAPPA)}},
    year = {2002},
    journal = {Magnetic Resonance in Medicine},
    author = {Griswold, Mark A. and Jakob, Peter M. and Heidemann, Robin M. and Nittka, Mathias and Jellus, Vladimir and Wang, Jianmin and Kiefer, Berthold and Haase, Axel},
    number = {6},
    month = {6},
    pages = {1202--1210},
    volume = {47},
    publisher = {John Wiley {\&} Sons, Ltd},
    issn = {07403194},
    pmid = {12111967},
    keywords = {PILS, Parallel imaging, RF coil arrays, Rapid MRI, SENSE, SMASH}
}

@inproceedings{Song2019GenerativeDistribution,
    title = {{Generative modeling by estimating gradients of the data distribution}},
    year = {2019},
    booktitle = {Advances in Neural Information Processing Systems},
    author = {Song, Yang and Ermon, Stefano},
    volume = {32},
    issn = {10495258},
    arxivId = {1907.05600}
}

@inproceedings{Song2020ImprovedModels,
    title = {{Improved techniques for training score-based generative models}},
    year = {2020},
    booktitle = {Advances in Neural Information Processing Systems},
    author = {Song, Yang and Ermon, Stefano},
    volume = {2020-Decem},
    issn = {10495258},
    arxivId = {2006.09011}
}

@article{Hammernik2018LearningData,
    title = {{Learning a variational network for reconstruction of accelerated MRI data}},
    year = {2018},
    journal = {Magnetic Resonance in Medicine},
    author = {Hammernik, Kerstin and Klatzer, Teresa and Kobler, Erich and Recht, Michael P. and Sodickson, Daniel K. and Pock, Thomas and Knoll, Florian},
    number = {6},
    pages = {3055--3071},
    volume = {79},
    issn = {15222594},
    pmid = {29115689},
    arxivId = {1704.00447},
    keywords = {accelerated MRI, compressed sensing, deep learning, image reconstruction, parallel imaging, variational network}
}

@unpublished{Wang2021Memory-efficientReconstruction,
    title = {{Memory-efficient Learning for High-Dimensional MRI Reconstruction}},
    year = {2021},
    author = {Wang, Ke and Kellman, Michael and Sandino, Christopher M. and Zhang, Kevin and Vasanawala, Shreyas S. and Tamir, Jonathan I. and Yu, Stella X. and Lustig, Michael},
    pages = {1--14},
    arxivId = {2103.04003},
    keywords = {magnetic resonance imaging, mri, unrolled reconstruc-}
}

@article{Aggarwal2019MoDL:Problems,
    title = {{MoDL: Model-Based Deep Learning Architecture for Inverse Problems}},
    year = {2019},
    journal = {IEEE Transactions on Medical Imaging},
    author = {Aggarwal, Hemant K. and Mani, Merry P. and Jacob, Mathews},
    number = {2},
    pages = {394--405},
    volume = {38},
    publisher = {IEEE},
    issn = {1558254X},
    pmid = {30106719},
    arxivId = {1712.02862},
    keywords = {Deep learning, convolutional neural network, parallel imaging}
}

@inproceedings{Bai2020MultiscaleModels,
    title = {{Multiscale deep equilibrium models}},
    year = {2020},
    booktitle = {Advances in Neural Information Processing Systems},
    author = {Bai, Shaojie and Koltun, Vladlen and Kolter, J. Zico},
    volume = {2020-Decem},
    issn = {10495258},
    arxivId = {2006.08656}
}

@techreport{Putzky2017RecurrentProblems,
    title = {{Recurrent Inference Machines for Solving Inverse Problems}},
    year = {2017},
    author = {Putzky, Patrick and Welling, Max},
    arxivId = {1706.04008}
}

@inproceedings{Zhang2019ReducingAcquisition,
    title = {{Reducing uncertainty in undersampled MRI reconstruction with active acquisition}},
    year = {2019},
    booktitle = {Proceedings of the IEEE Computer Society Conference on Computer Vision and Pattern Recognition},
    author = {Zhang, Zizhao and Romero, Adriana and Muckley, Matthew J. and Vincent, Pascal and Yang, Lin and Drozdzal, Michal},
    pages = {2049--2053},
    volume = {2019-June},
    isbn = {9781728132938},
    issn = {10636919},
    arxivId = {1902.03051},
    keywords = {Biological and Cell Microscopy, Image and Video Synthesis, Medical}
}

@article{Pipe1999SamplingSolution,
    title = {{Sampling density compensation in MRI: Rationale and an iterative numerical solution}},
    year = {1999},
    journal = {Magnetic Resonance in Medicine},
    author = {Pipe, James G. and Menon, Padmanabhan},
    number = {1},
    pages = {179--186},
    volume = {41},
    issn = {07403194},
    pmid = {10025627},
    keywords = {Gridding, Nyquist, Sampling density, Spiral MRI}
}

@article{Edupuganti2021UncertaintyReconstruction,
    title = {{Uncertainty Quantification in Deep MRI Reconstruction}},
    year = {2021},
    journal = {IEEE Transactions on Medical Imaging},
    author = {Edupuganti, Vineet and Mardani, Morteza and Vasanawala, Shreyas and Pauly, John},
    number = {1},
    pages = {239--250},
    volume = {40},
    issn = {1558254X},
    pmid = {32956045},
    arxivId = {1901.11228},
    keywords = {MRI reconstruction, SURE, Uncertainty quantification, VAE}
}

@unpublished{Ramzi2021WaveletsEra,
    title = {{Wavelets in the deep learning era}},
    year = {2021},
    author = {\textbf{Zaccharie Ramzi} and Michalewicz, Kevin and Starck, Jean Luc and Moreau, Thomas and Ciuciu, Philippe},
    addendum = {Under review in Journal of Mathematical Imaging and Vision},
}

@article{Ogbole2018SurveyAfrica,
    title = {{Survey of magnetic resonance imaging availability in West Africa}},
    year = {2018},
    journal = {PanAfrican Medical Journal},
    author = {Ogbole, Godwin Inalegwu and Adeyomoye, Adekunle Olakunle and Badu-Peprah, Augustina and Mensah, Yaw and Nzeh, Donald Amasike},
    number = {1},
    volume = {30},
    keywords = {MRI, West Africa, partnership, survey, utilization}
}

@book{reimer2010clinical,
  title={Clinical MR imaging},
  author={Reimer, Peter and Parizel, Paul M and Meaney, James FM and Stichnoth, Falko A},
  year={2010},
  publisher={Springer}
}

@book{runge2019essentials,
  title={Essentials of Clinical MR},
  author={Runge, Val Murray and von Tengg-Kobligk, Hendrik and Heverhagen, Johannes},
  year={2019},
  publisher={Thieme}
}

@article{nahab2010current,
  title={Current Role of fMRI in diagnosis of movement disorders},
  author={Nahab, Fatta B and Hallett, Mark},
  journal={Neuroimaging Clinics of North America},
  volume={20},
  number={1},
  pages={103},
  year={2010},
  publisher={NIH Public Access}
}

@article{Stucht2015HighestCorrection,
    title = {{Highest Resolution In Vivo Human Brain MRI Using Prospective Motion Correction}},
    year = {2015},
    journal = {PLOS One},
    author = {Stucht, Daniel and Danishad, K Appu and Schulze, Peter and Godenschweger, Frank and Zaitsev, Maxim and Speck, Oliver},
    number = {7},
    month = {7},
    volume = {10},
}

@article{Nowogrodzki2018TheLimits,
    title = {{The world’s strongest MRI machines are pushing human imaging to new limits}},
    year = {2018},
    journal = {Nature},
    author = {Nowogrodzki, Anna},
    month = {11},
    pages = {24--26},
    volume = {563}
}

@article{Holland2014DataChildren,
    title = {{Data on the safety of repeated MRI in healthy children}},
    year = {2014},
    journal = {NeuroImage: Clinical},
    author = {Holland, Scott K. and Altaye, Mekibib and Robertson, Sara and Byars, Anna W. and Plante, Elena and Szaflarski, Jerzy P.},
    pages = {526--530},
    volume = {4},
    issn = {22131582},
    pmid = {24936408},
    keywords = {BMI, BRIEF, IQ, Longitudinal, MRI, OWLS, Safety healthy children repeated}
}

@article{LeSter2021RadiofrequencyConsiderations,
    title = {{Radiofrequency heating measurement in vivo using MR thermometry and field monitoring: methodological considerations}},
    year = {2021},
    journal = {Magnetic Resonance in Medecine},
    author = {Le Ster, Caroline and Mauconduit, Franck and Mirkes, Christian and Bottlaender, Michel and Boumezbeur, Fawzi and Djemai, Boucif and Vignaud, Alexandre and Boulant, Nicolas},
    number = {3},
    month = {3},
    volume = {85},
    pmid = {32936510}
}

@incollection{Bernstein2004SignalSampling,
    title = {{Signal acquisition and k-space sampling}},
    year = {2004},
    booktitle = {Handbook of MRI Pulse Sequences},
    author = {Bernstein, Matt A. and King, Kevin F. and Zhou, Xiaohong Joe},
    pages = {367--442},
    publisher = {Elsevier}
}

@phdthesis{ElGueddari2019ProximalResonance,
    title = {{Proximal structured sparsity regularization for online reconstruction in high-resolution accelerated Magnetic Resonance}},
    year = {2019},
    author = {El Gueddari, Loubna}
}

@phdthesis{Lazarus2018CompressedMRI,
    title = {{Compressed Sensing in MRI : optimization-based design of k-space filling curves for accelerated MRI}},
    year = {2018},
    author = {Lazarus, Carole},
}

@article{Lazarus2019,
	title={{SPARKLING: variable-density k-space filling curves for accelerated T2*-weighted MRI}},
	author={Lazarus, Carole and Weiss, Pierre and Chauffert, Nicolas and Mauconduit, Franck and El Gueddari, Loubna and Destrieux, Christophe and Zemmoura, Ilyess and Vignaud, Alexandre and Ciuciu, Philippe},
	journal={Magnetic resonance in medicine},
	volume={81},
	number={6},
	pages={3643--3661},
	year={2019},
	publisher={Wiley Online Library}
}

@article{Lazarus2020,
	title={{3D variable-density SPARKLING trajectories for high-resolution T2*-weighted magnetic resonance imaging}},
	author={Lazarus, Carole and Weiss, Pierre and El Gueddari, Loubna and Mauconduit, Franck and Massire, Aur{\'e}lien and Ripart, Mathilde and Vignaud, Alexandre and Ciuciu, Philippe},
	journal={NMR in Biomedicine},
	volume={33},
	number={9},
	pages={e4349},
	year={2020},
	publisher={Wiley Online Library}
}

@unpublished{Chaithya2020,
	title={Optimizing full {3D SPARKLING trajectories for high-resolution T2*-weighted Magnetic Resonance Imaging}},
	author={Chaithya, GR and Weiss, Pierre and Daval-Fr{\'e}rot, Guillaume and Massire, Aur{\'e}lien and Vignaud, Alexandre and Ciuciu, Philippe},
	year={2021},
	addendum = {Under review in IEEE Transactions on Medical Imaging},
	month = {nov}
}

@article{ElGueddari2021,
	title={Calibration-Less Multi-Coil Compressed Sensing Magnetic Resonance Image Reconstruction Based on {OSCAR} Regularization},
	author={El Gueddari, Loubna and Giliyar Radhakrishna, Chaithya and Chouzenoux, Emilie and Ciuciu, Philippe},
	journal={Journal of Imaging},
	volume={7},
	number={3},
	pages={58},
	year={2021},
	publisher={Multidisciplinary Digital Publishing Institute}
}


@article{Bigot2016,
	title={An analysis of block sampling strategies in compressed sensing},
	author={Bigot, J{\'e}r{\'e}mie and Boyer, Claire and Weiss, Pierre},
	journal={IEEE transactions on information theory},
	volume={62},
	number={4},
	pages={2125--2139},
	year={2016},
	publisher={IEEE}
}

@article{Chun2015,
	title={Efficient compressed sensing {SENSE pMRI} reconstruction with joint sparsity promotion},
	author={Chun, Il Yong and Adcock, Ben and Talavage, Thomas M},
	journal={IEEE transactions on Medical Imaging},
	volume={35},
	number={1},
	pages={354--368},
	year={2015},
	publisher={IEEE}
}


@article{Springer2016ComparisonT,
    title = {{Comparison of Routine Brain Imaging at 3 T and 7 T}},
    year = {2016},
    journal = {Investigative Radiology},
    author = {Springer, Elisabeth and Dymerska, Barbara and Lima Cardoso, Pedro and Robinson, Simon Daniel and Weisstanner, Christian and Wiest, Roland and Schmitt, Benjamin and Trattnig, Siegfried},
    number = {8},
    month = {8},
    pages = {469--482},
    volume = {51},
}

@article{Kalita2000ComparisonEncephalitis,
    title = {{Comparison of CT scan and MRI findings in the diagnosis of Japanese encephalitis}},
    year = {2000},
    journal = {Journal of the Neurological Sciences},
    author = {Kalita, J. and Misra, U. K.},
    number = {1},
    month = {3},
    pages = {3--8},
    volume = {174},
    publisher = {Elsevier},
    issn = {0022-510X},
    keywords = {CT scan, Encephalitis, Japanese, MRI}
}

@article{Kidwell2004ComparisonHemorrhage,
    title = {{Comparison of MRI and CT for Detection of Acute Intracerebral Hemorrhage}},
    year = {2004},
    journal = {Journal of the American Medical Association},
    author = {Kidwell, Chelsea S. and Chalela, Julio A. and Saver, Jeffrey L. and Starkman, Sidney and Hill, Michael D. and Demchuk, Andrew M. and Butman, John A. and Patronas, Nicholas and Alger, Jeffry R. and Latour, Lawrence L. and Luby, Marie L. and Baird, Alison E. and Leary, Megan C. and Tremwel, Margaret and Ovbiagele, Bruce and Fredieu, Andre and Suzuki, Shuichi and Villablanca, J. Pablo and Davis, Stephen and Dunn, Billy and Todd, Jason W. and Ezzeddine, Mustapha A. and Haymore, Joseph and Lynch, John K. and Davis, Lisa and Warach, Steven},
    number = {15},
    month = {10},
    pages = {1823--1830},
    volume = {292},
    publisher = {American Medical Association},
    issn = {0098-7484},
    keywords = {acute cerebrovascular accidents, acute hemorrhage, cerebral hemorrhage, computed tomography, hemorrhage, ischemic stroke, magnetic resonance imaging}
}

@article{Paty1988MRIMS,
    title = {{MRI in the diagnosis of MS}},
    year = {1988},
    journal = {Neurology},
    author = {Paty, D. W. and Oger, J. J. F. and Kastrukoff, L. F. and Hashimoto, S. A. and Hooge, J. P. and Eisen, A. A. and Eisen, K. A. and Purves, S. J. and Low, M. D. and Brandejs, V. and Robertson, W. D. and Li, D. K. B.},
    number = {2},
    month = {2},
    volume = {38},
    publisher = {Wolters Kluwer Health, Inc. on behalf of the American Academy of Neurology},
    issn = {0028-3878},
    pmid = {3340277}
}

@book{brown2014magnetic,
  title={Magnetic resonance imaging: physical principles and sequence design},
  author={Brown, Robert W and Cheng, Yu-Chung N and Haacke, E Mark and Thompson, Michael R and Venkatesan, Ramesh},
  year={2014},
  publisher={John Wiley {\&} Sons}
}

@incollection{Foucart2013SparseSystems,
    title = {{Sparse Solutions of Underdetermined Systems}},
    year = {2013},
    booktitle = {A Mathematical Introduction to Compressive Sensing},
    author = {Foucart, Simon and Rauhut, Holger},
    chapter = {2},
    pages = {41--59},
    publisher = {Birkhauser},
    isbn = {978-0-8176-4948-7},
    issn = {2296-5009}
}

@book{Foucart2013ASensing,
    title = {{A Mathematical Introduction to Compressive Sensing}},
    year = {2013},
    author = {Foucart, Simon and Rauhut, Holger},
    series = {Applied and Numerical Harmonic Analysis},
    publisher = {Birkh{\"{a}}user},
    address = {New York, NY},
}

@incollection{Foucart2013Coherence,
    title = {{Coherence}},
    year = {2013},
    booktitle = {A Mathematical Introduction to Compressive Sensing},
    author = {Foucart, Simon and Rauhut, Holger},
    number = {9780817649470},
    pages = {111--131},
    publisher = {Birkh{\"{a}}user},
    keywords = {Alltop vector, Basis pursuit, Coherence, Equiangular system, Hard thresholding pursuit, Orthogonal matching pursuit, Tight frame, Welch bound, ℓ1-coherence function}
}

@article{Lustig2010SPIRiT:K-space,
    title = {{SPIRiT: Iterative self-consistent parallel imaging reconstruction from arbitrary k-space}},
    year = {2010},
    journal = {Magnetic Resonance in Medicine},
    author = {Lustig, Michael and Pauly, John M.},
    number = {2},
    pages = {457--471},
    volume = {64},
    publisher = {John Wiley and Sons Inc},
    keywords = {Autocalibration, Compressed sensing, GRAPPA, Image reconstruction, Iterative reconstruction, Parallel imaging, SENSE}
}

@article{Fessler2020OptimizationProblems,
    title = {{Optimization methods for image reconstruction problems}},
    year = {2020},
    journal = {IEEE Signal Processing Magazine},
    author = {Fessler, Jeffrey A},
    number = {1},
    pages = {33--40},
    volume = {37},
    arxivId = {arXiv:1903.03510v1}
}

@article{Weiss2021PILOTMRI,
    title = {{PILOT : Physics-Informed Learned Optimized Trajectories for Accelerated MRI}},
    year = {2021},
    journal = {Journal of Machine Learning for Biomedical Imaging},
    author = {Weiss, Tomer and Senouf, Ortal and Vedula, Sanketh and Michailovich, Oleg and Zibulevsky, Michael and Bronstein, Alex},
    number = {6},
    pages = {1--23},
    volume = {1},
    arxivId = {arXiv:1909.05773v4},
    keywords = {deep learning, fast image acquisition, image reconstruction, magnetic resonance imaging, mri, neural networks, segmentation}
}


@techreport{Wang2021B-splineMRI,
    title = {{B-spline Parameterized Joint Optimization of Reconstruction and K-space Trajectories ( BJORK ) for Accelerated 2D MRI}},
    year = {2021},
    author = {Wang, Guanhua and Luo, Tianrui and Nielsen, Jon-Fredrik and Noll, Douglas C and Fessler, Jeffrey A},
    keywords = {acquisition, general, general methodology, machine learning, methodology, optimization}
}


@article{Boyd2011DistributedMultipliers,
    title = {{Distributed Optimization and Statistical Learning via the Alternating Direction Method of Multipliers}},
    year = {2011},
    journal = {Foundations and Trends{\textregistered} in Machine Learning},
    author = {Boyd, Stephen and Parikh, Neal and Chu, Eric and Peleato, Borja and Eckstein, Jonathan},
    number = {1},
    month = {1},
    pages = {1--122},
    volume = {3},
    publisher = {Now Publishers Inc. PUB4850 Hanover, MA, USA}
}


@article{Daubechies2004AnConstraint,
    title = {{An iterative thresholding algorithm for linear inverse problems with a sparsity constraint}},
    year = {2004},
    journal = {Communications on Pure and Applied Mathematics},
    author = {Daubechies, Ingrid and Defrise, Michel and De Mol, Christine},
    number = {11},
    pages = {1413--1457},
    volume = {57},
    issn = {00103640}
}

@article{Condat2013ATerms,
    title = {{A Primal-Dual Splitting Method for Convex Optimization Involving Lipschitzian, Proximable and Linear Composite Terms}},
    year = {2013},
    journal = {Journal of Optimization Theory and Applications},
    author = {Condat, Laurent},
    number = {2},
    pages = {460--479},
    volume = {158},
    issn = {00223239},
    keywords = {Convex and nonsmooth optimization, Douglas-Rachford method, Fenchel-Rockafellar duality, Forward-backward method, Monotone inclusion, Operator splitting, Primal-dual algorithm, Proximal method}
}

@article{Beck2009AAlgorithm,
    title = {{A Fast Iterative Shrinkage-Thresholding Algorithm}},
    year = {2009},
    journal = {Society for Industrial and Applied Mathematics Journal on Imaging Sciences},
    author = {Beck, A. and Teboulle, M.},
    number = {1},
    pages = {183--202},
    volume = {2},
    isbn = {SJISBI000002000001000183000001},
    issn = {1936-4954},
    pmid = {18005159},
    arxivId = {1610.04490},
    keywords = {algorithms, ams subject classifications, deconvolution, global rate of convergence, image deblurring, iterative shrinkage-thresholding algorithm, l 1 regularization problems, least squares and, linear inverse problem, optimal gradient method, two-step iterative}
}

@article{Chambolle2011,
    title = {{A First-Order Primal-Dual Algorithm for Convex Problems with Applications to Imaging}},
    year = {2011},
    journal = {Journal of Mathematical Imaging and Vision},
    author = {Chambolle, Antonin and Pock, Thomas},
    pages = {120--145},
    volume = {40},
    isbn = {1085101002},
    keywords = {convex optimization, dual approaches, image, inverse problems, reconstruction, total, variation}
}

@article{Kim2018,
    author = {Kim, Donghwan and Fessler, Jeffrey A},
    issn = {1573-2878},
    journal = {Journal of Optimization Theory and Applications},
    number = {1},
    pages = {240--263},
    publisher = {Springer US},
    title = {{Adaptive Restart of the Optimized Gradient Method for Convex Optimization}},
    volume = {178},
    year = {2018}
}


@inproceedings{Moreau1962FonctionsHilbertien,
    title = {{Fonctions convexes duales et points proximaux dans un espace hilbertien}},
    year = {1962},
    booktitle = {Comptes rendus hebdomadaires des s{\'{e}}ances de l’Acad{\'{e}}mie des sciences},
    author = {Moreau, Jean Jacques},
    pages = {2897--2899}
}

@article{Nesterov,
author={Nesterov, Yuri E.},
title={{A method for solving the convex programming problem with convergence rate $O(1/k^2)$}},
journal={Dokl. Akad. Nauk SSSR},
year={1983},
volume={269},
pages={543-547},
}

@article{Ravishankar2011,
    title = {{Magnetic Resonance Image Reconstruction from Highly Undersampled K-Space Data Using Dictionary Learning}},
    year = {2011},
    journal = {IEEE Transactions on Medical Imaging},
    author = {Ravishankar, Saiprasad and Bresler, Yoram},
    number = {5},
    pages = {1028--1041},
    volume = {30}
}

@techreport{Liang2018ImprovingGreedier,
    title = {{Improving FISTA: Faster, Smarter and Greedier}},
    year = {2018},
    author = {Liang, Jingwei and Sch{\"{o}}nlieb, Carola-Bibiane},
    arxivId = {1811.01430},
    keywords = {adaptive and greedy acceleration, backward, fista, inertial forward, lazy-start strategy}
}

@article{Pruessmann1999SENSE:MRI,
    title = {{SENSE: Sensitivity encoding for fast MRI}},
    year = {1999},
    journal = {Magnetic Resonance in Medicine},
    author = {Pruessmann, Klaas P. and Weiger, Markus and Scheidegger, Markus B. and Boesiger, Peter},
    number = {5},
    month = {11},
    pages = {952--962},
    volume = {42},
    publisher = {John Wiley {\&} Sons, Ltd},
    issn = {0740-3194},
    keywords = {MRI, SENSE, fast imaging, receiver coil array, sensitivity encoding}
}


@inproceedings{ElGueddari2018Self-CalibratingMRI,
    title = {{Self-Calibrating Nonlinear Reconstruction Algorithms for Variable Density Sampling and Parallel Reception MRI}},
    year = {2018},
    booktitle = {Proceedings of the IEEE Sensor Array and Multichannel Signal Processing Workshop},
    author = {El Gueddari, Loubna and Lazarus, Carole and Carrie, H. and Vignaud, Alexandre and Ciuciu, Philippe},
    pages = {415--419},
    isbn = {9781538647523},
    issn = {2151870X},
    keywords = {Non-Cartesian trajectories, Nonlinear reconstruction, Parallel reception, Prospective compressed sensing}
}

@article{Uecker2014ESPIRiT-AnGRAPPA,
    title = {{ESPIRiT-An Eigenvalue Approach to Autocalibrating Parallel MRI: Where SENSE meets GRAPPA}},
    year = {2014},
    journal = {Magnetic Resonance in Medecine},
    author = {Uecker, Martin and Lai, Peng and Murphy, Mark J and Virtue, Patrick and Elad, Michael and Pauly, John M and Vasanawala, Shreyas S and Lustig, Michael},
    number = {3},
    pages = {990--1001},
    volume = {71},
    keywords = {Autocalibration, Compressed Sensing, GRAPPA, Parallel Imaging, SENSE}
}

@article{Lloyd1982LeastPCM,
    title = {{Least Squares Quantization in PCM}},
    year = {1982},
    journal = {IEEE Transactions on Information Theory},
    author = {Lloyd, Stuart P.},
    number = {2},
    pages = {129--137},
    volume = {28},
}

@inproceedings{Wang2003Multi-ScaleAssessment,
    title = {{Multi-Scale Structural Similarity for Image Quality Assessment}},
    year = {2003},
    booktitle = {Proceedings of the 37th IEEE Asilomar Conference on Signals, Systems and Computers},
    author = {Wang, Zhou and Simoncelli, Eero and Bovik, Alan C.},
    pages = {9--13},
    volume = {2},
    isbn = {0-7803-8104-1}
}

@article{Wang2004,
    title = {{Image Quality Assessment: From Error Visibility to Structural Similarity}},
    year = {2004},
    journal = {IEEE TRANSACTIONS ON IMAGE PROCESSING},
    author = {Wang, Zhou and Bovik, Alan Conrad and Rahim Sheikh, Hamid and Simoncelli, Eero P},
    number = {4},
    volume = {13}
}

@inproceedings{Prashnani2018PieAPP:Preference,
    title = {{PieAPP: Perceptual Image-Error Assessment Through Pairwise Preference}},
    year = {2018},
    booktitle = {Proceedings of the IEEE Computer Society Conference on Computer Vision and Pattern Recognition},
    author = {Prashnani, Ekta and Cai, Hong and Mostofi, Yasamin and Sen, Pradeep},
    pages = {1808--1817},
    isbn = {9781538664209},
    issn = {10636919},
    arxivId = {1806.02067}
}

@article{Barbosa2015SusceptibilityHemosiderin,
    title = {{Susceptibility weighted imaging: differentiating between calcification and hemosiderin}},
    year = {2015},
    journal = {Radiol Bras},
    author = {Barbosa, Jeam Haroldo Oliveira and Santos, Antonio Carlos and Salmon, Carlos Ernesto Garrido},
    number = {2},
    pages = {93--100},
    volume = {48},
}

@techreport{Nilsson2020UnderstandingSSIM,
    title = {{Understanding SSIM}},
    year = {2020},
    author = {Nilsson, Jim and Akenine-m{\"{o}}ller, Tomas},
    arxivId = {arXiv:2006.13846v2}
}

@inproceedings{Hore2010ImageSSIM,
    title = {{Image quality metrics: PSNR vs. SSIM}},
    year = {2010},
    booktitle = {Proceedings - International Conference on Pattern Recognition},
    author = {Hor{\'{e}}, Alain and Ziou, Djemel},
    pages = {2366--2369},
    isbn = {9780769541099},
    issn = {10514651},
    keywords = {Image quality metrics, PSNR, SSIM}
}

@unpublished{Pooja2021MC-PDNET:Data,
    title = {{MC-PDNET: Deep unrolled neural network for multi-contrast mr image reconstruction from undersampled k-space data}},
    year = {2021},
    author = {Pooja, Kumari and \textbf{Zaccharie Ramzi} and G R, Chaithya and Ciuciu, Philippe},
    month = {10},
    keywords = {Deep learning, MRI reconstruction, Multicontrast imaging}
}

%%%%%
% From benchmark paper
%%%%%
@article{Eo2018,
    title = {{KIKI-net: cross-domain convolutional neural networks for reconstructing undersampled magnetic resonance images}},
    year = {2018},
    journal = {Magnetic Resonance in Medicine},
    author = {Eo, Taejoon and Jun, Yohan and Kim, Taeseong and Jang, Jinseong and Lee, Ho Joon and Hwang, Dosik},
    number = {5},
    pages = {2188--2201},
    volume = {80},
    issn = {15222594},
    keywords = {MRI acceleration, convolutional neural networks, cross-domain deep learning, image reconstruction, k-space completion}
}

@article{smith2008rising,
  title={Rising use of diagnostic medical imaging in a large integrated health system},
  author={Smith-Bindman, Rebecca and Miglioretti, Diana L and Larson, Eric B},
  journal={Health affairs},
  volume={27},
  number={6},
  pages={1491--1502},
  year={2008},
  publisher={Project HOPE-The People-to-People Health Foundation, Inc.}
}

@article{roemer1990nmr,
  title={The NMR phased array},
  author={Roemer, Peter B and Edelstein, William A and Hayes, Cecil E and Souza, Steven P and Mueller, Otward M},
  journal={Magnetic resonance in medicine},
  volume={16},
  number={2},
  pages={192--225},
  year={1990},
  publisher={Wiley Online Library}
}

@article{lamontagne2018oasis,
  title={OASIS-3: Longitudinal neuroimaging, clinical, and cognitive dataset for normal aging and Alzheimer’s disease},
  author={LaMontagne, Pamela J and Keefe, Sarah and Lauren, Wallace and Xiong, Chengjie and Grant, Elizabeth A and Moulder, Krista L and Morris, John C and Benzinger, Tammie LS and Marcus, Daniel S},
  journal={Alzheimer's and Dementia: The Journal of the Alzheimer's Association},
  volume={14},
  number={7},
  pages={P1097},
  year={2018},
  publisher={Elsevier}
}

@techreport{Abadi2016TensorFlow:Systems,
    title = {{TensorFlow: Large-Scale Machine Learning on Heterogeneous Distributed Systems}},
    year = {2016},
    author = {Abadi, Martín and Agarwal, Ashish and Barham, Paul and Brevdo, Eugene and Chen, Zhifeng and Citro, Craig and Corrado, Greg S. and Davis, Andy and Dean, Jeffrey and Devin, Matthieu and Ghemawat, Sanjay and Goodfellow, Ian and Harp, Andrew and Irving, Geoffrey and Isard, Michael and Jia, Yangqing and Jozefowicz, Rafal and Kaiser, Lukasz and Kudlur, Manjunath and Levenberg, Josh and Mane, Dan and Monga, Rajat and Moore, Sherry and Murray, Derek and Olah, Chris and Schuster, Mike and Shlens, Jonathon and Steiner, Benoit and Sutskever, Ilya and Talwar, Kunal and Tucker, Paul and Vanhoucke, Vincent and Vasudevan, Vijay and Viegas, Fernanda and Vinyals, Oriol and Warden, Pete and Wattenberg, Martin and Wicke, Martin and Yu, Yuan and Zheng, Xiaoqiang},
    arxivId = {1603.04467}
}

@inproceedings{Virtue2018BetterFingerprinting,
    title = {{Better than real: Complex-valued neural nets for MRI fingerprinting}},
    year = {2018},
    booktitle = {Proceedings - International Conference on Image Processing, ICIP},
    author = {Virtue, Patrick and Yu, Stella X. and Lustig, Michael},
    pages = {3953--3957},
    volume = {2017-Septe},
    isbn = {9781509021758},
    issn = {15224880},
    arxivId = {1707.00070},
    keywords = {Complex-valued Neural Networks, Magnetic Resonance Fingerprinting, Parameter Mapping}
}

@article{Aggarwal2020Modl-mussels:Mri,
    title = {{Modl-mussels: Model-based deep learning for multishot sensitivity-encoded diffusion mri}},
    year = {2020},
    journal = {IEEE Transactions on Medical Imaging},
    author = {Aggarwal, Hemant K. and Mani, Merry P. and Jacob, Mathews},
    number = {4},
    pages = {1268--1277},
    volume = {39},
    issn = {1558254X},
    pmid = {31603819},
    arxivId = {1812.08115},
    keywords = {Deep Learning, Diffusion MRI, Echo Planar Imaging, convolutional neural network}
}

@inproceedings{Gueddari2019CalibrationlessMRI,
    title = {{Calibrationless oscar-based image reconstruction in compressed sensing parallel MRI}},
    year = {2019},
    booktitle = {ISBI 2019 - International Symposium on Biomedical Imaging},
    author = {El Gueddari, Loubna and Ciuciu, Philippe and Chouzenoux, Emilie and Vignaud, Alexandre}
}

@inproceedings{Wu2019DeepSensing,
    title = {{Deep Compressed Sensing}},
    year = {2019},
    booktitle = {International Conference on Machine Learning (ICML)},
    author = {Wu, Yan and Rosca, Mihaela and Lillicrap, Timothy},
    arxivId = {arXiv:1905.06723v2}
}

@article{Sherry2020LearningMRI,
    title = {{Learning the sampling pattern for MRI}},
    year = {2020},
    journal = {IEEE Transactions on Medical Imaging},
    author = {Sherry, Ferdia and Benning, Martin and De los Reyes, Juan Carlos and Graves, Martin J. and Maierhofer, Georg and Williams, Guy and Sch{\"{o}}nlieb, Carola Bibiane and Ehrhardt, Matthias J.},
    issn = {0278-0062},
    arxivId = {1906.08754},
    keywords = {Bilevel learning, Compressed sensing, MRI, Regularisation, k-space optimisation}
}

@inproceedings{Horvath2007Real-timeProcedures,
    title = {{Real-time Magnetic Resonance Imaging Guidance for Cardiovascular Procedures}},
    year = {2007},
    booktitle = {Seminars in thoracic and cardiovascular surgery},
    author = {Horvath, Keith A and Li, Ming and Mazilu, Dumitru and Guttman, Michael A and McVeigh, Elliot R},
    pages = {330--335},
    volume = {19},
    keywords = {cardiac procedures, imaging, magnetic, real-time, resonance}
}

@article{Sanchez2020ScalableMRI,
    title = {{Scalable Learning-Based Sampling Optimization for Compressive Dynamic MRI}},
    year = {2020},
    journal = {ICASSP, IEEE International Conference on Acoustics, Speech and Signal Processing - Proceedings},
    author = {Sanchez, Thomas and Gozcu, Baran and Van Heeswijk, Ruud B. and Eftekhari, Armin and Ilicak, Efe and Cukur, Tolga and Cevher, Volkan},
    number = {16066},
    pages = {8584--8588},
    volume = {2020-May},
    isbn = {9781509066315},
    issn = {15206149},
    arxivId = {1902.00386},
    keywords = {Magnetic resonance imaging, compressive sensing (CS), learning-based sampling}
}

@article{Chauffert2014VariableTrajectories,
    title = {{Variable density sampling with continuous trajectories}},
    year = {2014},
    journal = {SIAM Journal on Imaging Sciences},
    author = {Chauffert, Nicolas and Ciuciu, Philippe and Kahn, Jonas and Weiss, Pierre},
    number = {4},
    pages = {1962--1992},
    volume = {7},
    issn = {19364954},
    arxivId = {arXiv:1311.6039v5},
    keywords = {CS-MRI, Compressed sensing, Empirical measure, L1 reconstruction, Markov chains, Stochastic processes, Travelling salesman problem, Variable density sampling}
}

@inproceedings{cheng2019model,
  title={Model learning: Primal dual networks for fast MR imaging},
  author={Cheng, Jing and Wang, Haifeng and Ying, Leslie and Liang, Dong},
  booktitle={International Conference on Medical Image Computing and Computer-Assisted Intervention},
  pages={21--29},
  year={2019},
  organization={Springer}
}

@article{MinhQuan,
archivePrefix = {arXiv},
arxivId = {1709.00753v2},
author = {{Minh Quan}, Tran and Nguyen-Duc, Thanh and Jeong, Won-Ki},
isbn = {1709.00753v2},
journal = {IEEE Transactions on Medical Imaging},
keywords = {CycleGAN,DiscoGAN,GAN,Index Terms-Compressed Sensing,MRI,compressed sensing},
mendeley-tags = {compressed sensing},
number = {6},
pages = {1488--1497},
title = {{Compressed Sensing MRI Reconstruction using a Generative Adversarial Network with a Cyclic Loss}},
volume = {37},
year = {2018}
}


@inproceedings{ronneberger2015u,
  title={U-net: Convolutional networks for biomedical image segmentation},
  author={Ronneberger, Olaf and Fischer, Philipp and Brox, Thomas},
  booktitle={International Conference on Medical image computing and computer-assisted intervention},
  year={2015},
}



@article{Dragotti2017,
author = {Dragotti, Pier Luigi and Dong, Hao and Yang, Guang and Guo, Yike and Firmin, David and Slabaugh, Greg and Yu, Simiao and Keegan, Jennifer and Ye, Xujiong and Liu, Fangde and Arridge, Simon},
issn = {0278-0062},
journal = {IEEE Transactions on Medical Imaging},
number = {6},
pages = {1310--1321},
title = {{DAGAN: Deep De-Aliasing Generative Adversarial Networks for Fast Compressed Sensing MRI Reconstruction}},
volume = {37},
year = {2017}
}
@techreport{simonyan2014deep,
    title={Very Deep Convolutional Networks for Large-Scale Image Recognition},
    author={Karen Simonyan and Andrew Zisserman},
    year={2014},
    archivePrefix={arXiv},
    primaryClass={cs.CV}
}

@article{Lee2018,
author = {Lee, Dongwook and Yoo, Jaejun and Tak, Sungho and Ye, Jong Chul},
issn = {15582531},
journal = {IEEE Transactions on Biomedical Engineering},
keywords = {Compressed sensing MRI,Deep convolutional framelets,Deep learning,Parallel imaging},
mendeley-groups = {Reconstruction,Deep Learning,MRI},
number = {9},
pages = {1985--1995},
publisher = {IEEE},
title = {{Deep residual learning for accelerated MRI using magnitude and phase networks}},
volume = {65},
year = {2018}
}

@inproceedings{Kingma2015,
archivePrefix = {arXiv},
arxivId = {1412.6980},
author = {Kingma, Diederik P. and Ba, Jimmy Lei},
booktitle = {3rd International Conference on Learning Representations, ICLR 2015 - Conference Track Proceedings},
mendeley-groups = {Optimisation,Deep Learning},
month = {dec},
publisher = {International Conference on Learning Representations, ICLR},
title = {{Adam: A method for stochastic optimization}},
year = {2015}
}


@inproceedings{Pascanu2013,
author = {Pascanu, Razvan and Mikolov, Tomas and Bengio, Yoshua},
booktitle = {ICML},
mendeley-groups = {Deep Learning},
title = {{On the difficulty of training recurrent neural networks}},
year = {2013}
}


@inproceedings{glorot2010understanding,
  title={Understanding the difficulty of training deep feedforward neural networks},
  author={Glorot, Xavier and Bengio, Yoshua},
  booktitle={Proceedings of the thirteenth international conference on artificial intelligence and statistics},
  pages={249--256},
  year={2010}
}

@inproceedings{wang2016accelerating,
  title={Accelerating magnetic resonance imaging via deep learning},
  author={Wang, Shanshan and Su, Zhenghang and Ying, Leslie and Peng, Xi and Zhu, Shun and Liang, Feng and Feng, Dagan and Liang, Dong},
  booktitle={2016 IEEE 13th International Symposium on Biomedical Imaging (ISBI)},
  pages={514--517},
  year={2016},
  organization={IEEE}
}

@inproceedings{maas2013rectifier,
  title={Rectifier nonlinearities improve neural network acoustic models},
  author={Maas, Andrew L and Hannun, Awni Y and Ng, Andrew Y},
  booktitle={Proc. icml},
  volume={30},
  number={1},
  pages={3},
  year={2013}
}

@inproceedings{Yang2016ADMM,
author = {Yang, Yan and Sun, Jian and Li, Huibin and Xu, Zongben and Sun, Jian and Xu, Zongben},
booktitle = {Neural Information Processing Systems},
isbn = {9781450344661},
issn = {10495258},
number = {Nips},
pages = {10--18},
title = {{Deep ADMM-net for compressive sensing MRI}},
year = {2016}
}

@article{petersen2010alzheimer,
  title={Alzheimer's disease neuroimaging initiative (ADNI): clinical characterization},
  author={Petersen, Ronald Carl and Aisen, PS and Beckett, Laurel A and Donohue, MC and Gamst, AC and Harvey, Danielle J and Jack, CR and Jagust, WJ and Shaw, LM and Toga, AW and others},
  journal={Neurology},
  volume={74},
  number={3},
  pages={201--209},
  year={2010},
  publisher={AAN Enterprises}
}

@article{Haldar2013,
author = {Haldar, Justin P},
journal = {IEEE Transactions on Medical Imaging},
keywords = {Constrained Image Reconstruction,Index Terms Low-Rank Matrix Recovery,Phase Constraints,Support Constraints,compressed sensing,loraks},
mendeley-groups = {MRI,Reconstruction,Compressed Sensing},
mendeley-tags = {compressed sensing,loraks},
number = {3},
pages = {668--681},
title = {{Low-Rank Modeling of Local k-Space Neighborhoods (LORAKS) for Constrained MRI}},
volume = {33},
year = {2013}
}


@article{han2019k,
  title={k-space deep learning for accelerated MRI},
  author={Han, Yoseob and Sunwoo, Leonard and Ye, Jong Chul},
  journal={IEEE transactions on medical imaging},
  year={2019},
  publisher={IEEE}
}

@article{Hyun2018,
author = {Hyun, Chang Min and Kim, Hwa Pyung and Lee, Sung Min and Lee, Sungchul and Seo, Jin Keun},
issn = {1361-6560},
journal = {Physics in Medicine {\&} Biology},
mendeley-groups = {Deep Learning},
month = {jun},
number = {13},
pages = {135007},
publisher = {IOP Publishing},
title = {{Deep learning for undersampled MRI reconstruction}},
volume = {63},
year = {2018}
}


@article{Irarrazabal1995,
author = {Irarrazabal, Pablo and Nishimura, Dwight G.},
issn = {15222594},
journal = {Magnetic Resonance in Medicine},
keywords = {3D imaging,MRI,fast imaging,k‐space trajectories},
number = {5},
pages = {656--662},
title = {{Fast Three Dimensional Magnetic Resonance Imaging}},
volume = {33},
year = {1995}
}

@inproceedings{He,
archivePrefix = {arXiv},
arxivId = {1502.01852v1},
author = {He, Kaiming and Zhang, Xiangyu and Ren, Shaoqing and Sun, Jian},
booktitle = {ICCV},
title = {{Delving Deep into Rectifiers: Surpassing Human-Level Performance on ImageNet Classification}},
year = {2015}
}

%%%%%
% For the XPDNet paper
%%%%%

@inproceedings{Liu2018,
author = {Liu, Pengju and Zhang, Hongzhi and Zhang, Kai and Lin, Liang and Zuo, Wangmeng},
booktitle = {CVPR NTIRE Workshop},
title = {{Multi-level Wavelet-CNN for Image Restoration}},
year = {2018}
}


@article{Tian2020,
archivePrefix = {arXiv},
arxivId = {1912.13171v2},
author = {Tian, Chunwei and Fei, Lunke and Zheng, Wenxian and Xu, Yong and Zuo, Wangmeng and Lin, Chia-Wen},
journal = {Neural Networks},
pages = {251--275},
title = {{Deep Learning on Image Denoising: An Overview}},
volume = {131},
year = {2020}
}


@inproceedings{Sriram2020End-to-EndReconstruction,
archivePrefix = {arXiv},
arxivId = {2004.06688v1},
author = {Sriram, Anuroop and Zbontar, Jure and Murrell, Tullie and Defazio, Aaron and Zitnick, C Lawrence and Yakubova, Nafissa and Knoll, Florian and Johnson, Patricia},
booktitle = {MICCAI},
isbn = {2004.06688v1},
title = {{End-to-End Variational Networks for Accelerated MRI Reconstruction}},
year = {2020}
}


@inproceedings{Liu2020OnBeyond,
    title = {{On the Variance of the Adaptive Learning Rate and Beyond}},
    year = {2020},
    booktitle = {Proceedings of International Conference for Learning Representations},
    author = {Liu, Liyuan and Jiang, Haoming and He, Pengcheng and Chen, Weizhu and Liu, Xiaodong and Gao, Jianfeng and Han, Jiawei},
    pages = {1--3}
}

%%%%%
% For the NCPDNet paper
%%%%%
@conference{muckley:20:tah,
  author = {M. J. Muckley and R. Stern and T. Murrell and F. Knoll},
  title = {{TorchKbNufft}: A High-Level, Hardware-Agnostic Non-Uniform Fast Fourier Transform},
  booktitle = {ISMRM Workshop on Data Sampling {\&} Image Reconstruction},
  year = {2020}
}


@unpublished{gr:hal-03090471,
  TITLE = {{Globally optimized 3D SPARKLING trajectories for high-resolution T2*-weighted Magnetic Resonance Imaging}},
  AUTHOR = {G R, Chaithya and Weiss, Pierre and Massire, Aur{\'e}lien and Vignaud, Alexandre and Ciuciu, Philippe},
  YEAR = {2020},
  KEYWORDS = {3D MRI ; optimization ; non-Cartesian sampling ; compressed sensing ; fast imaging. ; non-Cartesian ; acceleration},
}

@article{song2004dynamic,
  title={{Dynamic MRI with projection reconstruction and KWIC processing for simultaneous high spatial and temporal resolution}},
  author={Song, Hee Kwon and Dougherty, Lawrence},
  journal={Magnetic Resonance in Medicine: An Official Journal of the International Society for Magnetic Resonance in Medicine},
  volume={52},
  number={4},
  pages={815--824},
  year={2004},
  publisher={Wiley Online Library}
}

@article{thedens1999fast,
  title={{Fast magnetic resonance coronary angiography with a three-dimensional stack of spirals trajectory}},
  author={Thedens, Daniel R and Irarrazaval, Pablo and Sachs, Todd S and Meyer, Craig H and Nishimura, Dwight G},
  journal={Magnetic Resonance in Medicine: An Official Journal of the International Society for Magnetic Resonance in Medicine},
  volume={41},
  number={6},
  pages={1170--1179},
  year={1999},
  publisher={Wiley Online Library}
}


@article{Guerquin-Kern2011AImaging,
    title = {{A Fast Wavelet-Based Reconstruction Method for Magnetic Resonance Imaging}},
    year = {2011},
    journal = {IEEE Transactions on Medical Imaging, Institute of Electrical and Electronics Engineers},
    author = {Guerquin-Kern, Matthieu and H{\"{a}}berlin, Maximilian and Pruessmann, Klaas and Unser, Michael and Guerquin-Kern, M and H{\"{a}}berlin, M and Pruessmann, K P and Unser, M},
    number = {9},
    pages = {1649--1660},
    volume = {30},
}

@inproceedings{Trzasko2014AReconstruction,
    title = {{A Preconditioned ADMM Strategy for Field-Corrected Non-Cartesian MRI Reconstruction}},
    year = {2014},
    booktitle = {ISMRM},
    author = {Trzasko, Joshua D. and Manduca, Armando and Shu, Yunhong and Huston, John and Bernstein, Matt A.},
    pages = {1535},
    volume = {22}
}

@unpublished{Darestani2020AcceleratedNetworks,
    title = {{Accelerated MRI with Un-trained Neural Networks}},
    year = {2020},
    author = {Darestani, Mohammad Zalbagi and Heckel, Reinhard},
    arxivId = {2007.02471}
}

@article{Ong2020AcceleratingPreconditioning,
    title = {{Accelerating Non-Cartesian MRI Reconstruction Convergence Using k-Space Preconditioning}},
    year = {2020},
    journal = {IEEE Transactions on Medical Imaging},
    author = {Ong, Frank and Uecker, Martin and Lustig, Michael},
    number = {5},
    pages = {1646--1654},
    volume = {39},
    issn = {1558254X},
    pmid = {31751232},
    arxivId = {1902.09657},
    keywords = {MRI, density compensation, iterative reconstruction, non-cartesian, preconditioner}
}

@incollection{Bernstein2004AdvancedTechniques,
    title = {{Advanced pulse sequence techniques}},
    year = {2004},
    booktitle = {Handbook of MRI Pulse Sequences},
    author = {Bernstein, Matt A. and King, Kevin F. and Zhou, Xiaohong Joe},
    pages = {802--954},
    publisher = {Elsevier},
}

@article{Knoll2020AdvancingChallenge,
    title = {{Advancing machine learning for MR image reconstruction with an open competition: Overview of the 2019 fastMRI challenge}},
    year = {2020},
    journal = {Magnetic Resonance in Medicine},
    author = {Knoll, Florian and Murrell, Tullie and Sriram, Anuroop and Yakubova, Nafissa and Zbontar, Jure and Rabbat, Michael and Defazio, Aaron and Muckley, Matthew J. and Sodickson, Daniel K. and Zitnick, C. Lawrence and Recht, Michael P.},
    number = {6},
    pages = {3054--3070},
    volume = {84},
    issn = {15222594},
    pmid = {32506658},
    arxivId = {2001.02518},
    keywords = {challenge, compressed sensing, fast imaging, image reconstruction, machine learning, optimization, parallel imaging, public dataset}
}

@article{Cole2021,
author = {Cole, Elizabeth K. and Cheng, Joseph Y. and Pauly, John M. and Vasanawala, Shreyas S},
journal = {Magnetic Resonance in Medecine},
number = {2},
pages = {1093--1109},
title = {{Analysis of deep complex-valued convolutional neural networks for MRI reconstruction and phase-focused applications}},
volume = {86},
year = {2021}
}


@article{Sandino2020CompressedNetworks,
    title = {{Compressed sensing: From research to clinical practice with deep neural networks}},
    year = {2020},
    journal = {IEEE Signal Processing Magazine},
    author = {Sandino, Christopher M. and Cheng, Joseph Y. and Chen, Feiyu and Mardani, Morteza and Pauly, John M. and Vasanawala, Shreyas S.},
    number = {1},
    pages = {117--127},
    volume = {37},
    publisher = {IEEE},
    issn = {15580792}
}

@inproceedings{Epperson2013CreationPurpose,
    title = {{Creation of Fully Sampled MR Data Repository for Compressed Sensing of the Knee Purpose}},
    year = {2013},
    booktitle = {Proceedings of the 22nd Annual Meeting for Section for Magnetic Resonance Technologists},
    author = {Epperson, Kevin and Sawyer, Anne Marie and Lustig, Michael and Alley, Marcus and Uecker, Martin and Virtue, Patrick and Lai, Peng and Vasanawala, Shreyas},
}

@techreport{Shih2021CuFINUFFTFFTs,
    title = {{cuFINUFFT : a load-balanced GPU library for general-purpose nonuniform FFTs}},
    year = {2021},
    author = {Shih, Yu-hsuan and Blaschke, Johannes and Barnett, Alex H},
    arxivId = {arXiv:2102.08463v1}
}


@inproceedings{Ulyanov2018DeepPrior,
    title = {{Deep Image Prior}},
    year = {2018},
    booktitle = {CVPR},
    author = {Ulyanov, Dmitry and Vedaldi, Andrea and Lempitsky, Victor},
    pages = {9446--9454},
    arxivId = {1711.10925v3}
}

@article{Poddar2016DynamicSToRM,
    title = {{Dynamic MRI Using SmooThness Regularization on Manifolds (SToRM)}},
    year = {2016},
    journal = {IEEE Transactions on Medical Imaging},
    author = {Poddar, Sunrita and Jacob, Mathews},
    number = {4},
    pages = {1106--1115},
    volume = {35},
    publisher = {IEEE},
    issn = {1558254X},
    pmid = {26685228},
    keywords = {Dynamic image reconstruction, free-breathing cardiac MRI, manifold regularization}
}

@article{Ahmed2019Free-breathingSToRM,
    title = {{Free-breathing and ungated dynamic MRI using navigator-less spiral SToRM}},
    year = {2019},
    journal = {IEEE Transactions on Medical Imaging},
    author = {Ahmed, Abdul Haseeb and Zhou, Ruixi and Yang, Yang and Nagpal, Prashant and Salerno, Michael and Jacob, Mathews},
    arxivId = {1901.05542v3},
    keywords = {Index Terms cardiac reconstruction, cardiac MRI, free-breathing, kernel methods, manifold models, non-ECG gated}
}


@inproceedings{Huang2019GPipe:Parallelism,
    title = {{GPipe: Efficient training of giant neural networks using pipeline parallelism}},
    year = {2019},
    booktitle = {Advances in Neural Information Processing Systems},
    author = {Huang, Yanping and Cheng, Youlong and Bapna, Ankur and Firat, Orhan and Chen, Mia Xu and Chen, Dehao and Lee, Hyouk Joong and Ngiam, Jiquan and Le, Quoc V. and Wu, Yonghui and Chen, Zhifeng},
    volume = {32},
    issn = {10495258},
    arxivId = {1811.06965}
}

@inproceedings{Putzky2019InvertInvert,
    title = {{Invert to Learn to Invert}},
    year = {2019},
    booktitle = {Advances in neural information processing systems},
    author = {Putzky, Patrick and Welling, Max}
}

@article{Dwork2021LeastTransform,
    title = {{Least Squares Optimal Density Compensation for the Gridding Non-uniform Discrete Fourier Transform}},
    year = {2021},
    author = {Dwork, Nicholas and O'Connor, Daniel and Johnson, Ethan M. I. and Baron, Corey A. and Gordon, Jeremy W. and Pauly, John M. and Larson, Peder E. Z.},
    month = {6},
    arxivId = {2106.06660},
}

@article{Nakarmi2017M-MRI:Imaging,
    title = {{M-MRI: A manifold-based framework to highly accelerated dynamic magnetic resonance imaging}},
    year = {2017},
    journal = {Proceedings - International Symposium on Biomedical Imaging},
    author = {Nakarmi, Ukash and Slavakis, Konstantinos and Lyu, Jingyuan and Ying, Leslie},
    pages = {19--22},
    publisher = {IEEE},
    isbn = {9781509011711},
    issn = {19458452},
    keywords = {Cardiac MRI, Dynamic image reconstruction, Manifold learning, Manifold regularization}
}

@article{Poddar2019ManifoldImaging,
    title = {{Manifold Recovery Using Kernel Low-Rank Regularization: Application to Dynamic Imaging}},
    year = {2019},
    journal = {IEEE Transactions on Computational Imaging},
    author = {Poddar, Sunrita and Mohsin, Yasir Q. and Ansah, Deidra and Thattaliyath, Bijoy and Ashwath, Ravi and Jacob, Mathews},
    number = {3},
    pages = {478--491},
    volume = {5},
    publisher = {IEEE},
    issn = {2573-0436}
}

@inproceedings{Shazeer2018Mesh-tensorflow:Supercomputers,
    title = {{Mesh-tensorflow: Deep learning for supercomputers}},
    year = {2018},
    booktitle = {Advances in Neural Information Processing Systems},
    author = {Shazeer, Noam and Cheng, Youlong and Parmar, Niki and Tran, Dustin and Vaswani, Ashish and Koanantakool, Penporn and Hawkins, Peter and Lee, Hyouk Joong and Hong, Mingsheng and Young, Cliff and Sepassi, Ryan and Hechtman, Blake},
    volume = {31},
    issn = {10495258},
    arxivId = {1811.02084}
}

@inproceedings{Sander2021MomentumNetworks,
    title = {{Momentum Residual Neural Networks}},
    year = {2021},
    booktitle = {ICML},
    author = {Sander, Michael E. and Ablin, Pierre and Blondel, Mathieu and Peyr{\'{e}}, Gabriel},
    arxivId = {2102.07870}
}


@misc{Schlemper2020Mutli-coilLearning,
    title = {{Mutli-coil Magnetic Resonance Imaging Using Deep Learning}},
    year = {2020},
    author = {Schlemper, Jo and Salehi, Mohseni and Sofka, Michal},
    institution = {Hyperfine Research, Inc.}
}

@article{Gilton2019NeumannImaging,
    title = {{Neumann Networks for Linear Inverse Problems in Imaging}},
    year = {2019},
    journal = {IEEE Transactions on Computational Imaging},
    author = {Gilton, Davis and Ongie, Greg and Willett, Rebecca},
    pages = {328--343},
    volume = {6},
    arxivId = {1901.03707v2}
}

@article{Seiberlich2007Non-CartesianGROG,
    title = {{Non-Cartesian data reconstruction using GRAPPA operator gridding (GROG)}},
    year = {2007},
    journal = {Magnetic Resonance in Medicine},
    author = {Seiberlich, Nicole and Breuer, Felix A. and Blaimer, Martin and Barkauskas, Kestutis and Jakob, Peter M. and Griswold, Mark A.},
    number = {6},
    pages = {1257--1265},
    volume = {58},
    issn = {15222594},
    pmid = {17969027},
    keywords = {GRAPPA, Gridding, Image reconstruction, Non-Cartesian, Parallel imaging}
}

@article{Wright2014Non-CartesianReconstruction,
    title = {{Non-Cartesian parallel imaging reconstruction}},
    year = {2014},
    journal = {Journal of Magnetic Resonance Imaging},
    author = {Wright, Katherine L. and Hamilton, Jesse I. and Griswold, Mark A. and Gulani, Vikas and Seiberlich, Nicole},
    number = {5},
    pages = {1022--1040},
    volume = {40},
    issn = {15222586},
    pmid = {24408499},
    keywords = {CG SENSE, Non-Cartesian, Non-Cartesian GRAPPA, Parallel imaging, SPIRiT}
}

@inproceedings{Lu2021NONUNIFORMTPUS,
    title = {{NONUNIFORM FAST FOURIER TRANSFORM ON TPUS}},
    year = {2021},
    booktitle = {ISBI},
    author = {Lu, Tianjian and Marin, Thibault and Zhuo, Yue and Chen, Yi-fan and Ma, Chao},
    pages = {783--787},
    isbn = {9781665412469}
}

@article{Fessler2003NonuniformInterpolation,
    title = {{Nonuniform Fast Fourier Transforms Using Min-Max Interpolation}},
    year = {2003},
    journal = {IEEE Transactions on Signal Processing},
    author = {Fessler, Jeffrey A and Sutton, Bradley P},
    number = {2},
    pages = {560--74},
    volume = {51},
    keywords = {Nonuniform FFT, discrete Fourier trans-form, gridding, magnetic res-onance imaging, min-max interpolation, tomography}
}


@article{Beatty2005RapidRatio,
    title = {{Rapid gridding reconstruction with a minimal oversampling ratio}},
    year = {2005},
    journal = {IEEE Transactions on Medical Imaging},
    author = {Beatty, Philip J. and Nishimura, Dwight G. and Pauly, John M.},
    number = {6},
    pages = {799--808},
    volume = {24},
    issn = {02780062},
    pmid = {15959939},
    keywords = {Convolution interpolation, Gridding, Kernel function, Three-dimensional (3-D) reconstruction}
}

@article{Shen2021RapidPCNN,
    title = {{Rapid reconstruction of highly undersampled, non-Cartesian real-time cine k-space data using a perceptual complex neural network (PCNN)}},
    year = {2021},
    journal = {NMR in Biomedicine},
    author = {Shen, Daming and Ghosh, Sushobhan and Haji-Valizadeh, Hassan and Pathrose, Ashitha and Schiffers, Florian and Lee, Daniel C. and Freed, Benjamin H. and Markl, Michael and Cossairt, Oliver S. and Katsaggelos, Aggelos K. and Kim, Daniel},
    number = {1},
    pages = {1--12},
    volume = {34},
    issn = {10991492},
    pmid = {32875668},
    keywords = {compressed sensing (CS), convolutional neural network (CNN), deep learning (DL), perceptual complex neural network (PCNN), perceptual loss, real-time cine MRI}
}

@article{Malave2020ReconstructionModel,
    title = {{Reconstruction of undersampled 3D non-Cartesian image-based navigators for coronary MRA using an unrolled deep learning model}},
    year = {2020},
    journal = {Magnetic Resonance in Medicine},
    author = {Malav{\'{e}}, Mario O. and Baron, Corey A. and Koundinyan, Srivathsan P. and Sandino, Christopher M. and Ong, Frank and Cheng, Joseph Y. and Nishimura, Dwight G.},
    number = {2},
    month = {8},
    pages = {800--812},
    volume = {84},
    publisher = {John Wiley and Sons Inc},
    issn = {15222594},
    pmid = {32011021},
    arxivId = {1910.11414},
    keywords = {3D cones trajectory, convolutional neural networks, coronary MRA, non-Cartesian}
}


@article{Adler2017SolvingNetworks,
    title = {{Solving ill-posed inverse problems using iterative deep neural networks}},
    year = {2017},
    journal = {Inverse Problems},
    author = {Adler, Jonas and Oktem, Ozan},
    number = {12},
    pages = {1--24},
    volume = {33},
    arxivId = {arXiv:1704.04058v2},
    keywords = {Deep learning, Gradient descent, Inverse problems, Regularization, Tomography}
}


@article{Yoo2021Time-DependentMRI,
    title = {{Time-Dependent Deep Image Prior for Dynamic MRI}},
    year = {2021},
    journal = {IEEE Transactions on Medical Imaging},
    author = {Yoo, Jaejun and Hwan Jin, Kyong and Gupta, Harshit and Yerly, Jérôme and Stuber, Matthias and Unser, Michael},
    arxivId = {1910.01684v2}
}

@article{Block2014TowardsSensitivity,
    title = {{Towards Routine Clinical Use of Radial Stack-of-Stars 3D Gradient-Echo Sequences for Reducing Motion Sensitivity}},
    year = {2014},
    journal = {Journal of the Korean Society of Magnetic Resonance in Medicine},
    author = {Block, Kai Tobias and Chandarana, Hersh and Milla, Sarah and Bruno, Mary and Mulholland, Tom and Fatterpekar, Girish and Hagiwara, Mari and Grimm, Robert and Geppert, Christian and Kiefer, Berthold and Sodickson, Daniel K.},
    number = {2},
    pages = {87},
    volume = {18},
    issn = {1226-9751}
}

@techreport{Chen2016TrainingCost,
    title = {{Training Deep Nets with Sublinear Memory Cost}},
    year = {2016},
    author = {Chen, Tianqi and Xu, Bing and Zhang, Chiyuan and Guestrin, Carlos},
    pages = {1--12},
    arxivId = {1604.06174}
}

@article{Keiner2009UsingTransforms,
    title = {{Using NFFT 3 - -A software library for various nonequispaced fast fourier transforms}},
    year = {2009},
    journal = {ACM Transactions on Mathematical Software},
    author = {Keiner, Jens and Kunis, Stefan and Potts, Daniel},
    number = {4},
    pages = {1--30},
    volume = {36},
    issn = {00983500},
    keywords = {Approximative algorithms, Fast Fourier transforms}
}


@article{souza2018open,
	title={An open, multi-vendor, multi-field-strength brain {MR} dataset and analysis of publicly available skull stripping methods agreement},
	author={Souza, Roberto and Lucena, Oeslle and Garrafa, Julia and Gobbi, David and Saluzzi, Marina and Appenzeller, Simone and Rittner, Let{\'\i}cia and Frayne, Richard and Lotufo, Roberto},
	journal={NeuroImage},
	volume={170},
	pages={482--494},
	year={2018},
	publisher={Elsevier}
}

@article{chaari2011wavelet,
  title={A wavelet-based regularized reconstruction algorithm for SENSE parallel MRI with applications to neuroimaging},
  author={Cha{\^a}ri, Lotfi and Pesquet, Jean-Christophe and Benazza-Benyahia, Amel and Ciuciu, Philippe},
  journal={Medical image analysis},
  volume={15},
  number={2},
  pages={185--201},
  year={2011},
  publisher={Elsevier}
}

@article{peters2000undersampled,
  title={Undersampled projection reconstruction applied to MR angiography},
  author={Peters, Dana C and Korosec, Frank R and Grist, Thomas M and Block, Walter F and Holden, James E and Vigen, Karl K and Mistretta, Charles A},
  journal={Magnetic Resonance in Medicine: An Official Journal of the International Society for Magnetic Resonance in Medicine},
  volume={43},
  number={1},
  pages={91--101},
  year={2000},
  publisher={Wiley Online Library}
}

@article{feng2014golden,
  title={Golden-angle radial sparse parallel MRI: combination of compressed sensing, parallel imaging, and golden-angle radial sampling for fast and flexible dynamic volumetric MRI},
  author={Feng, Li and Grimm, Robert and Block, Kai Tobias and Chandarana, Hersh and Kim, Sungheon and Xu, Jian and Axel, Leon and Sodickson, Daniel K and Otazo, Ricardo},
  journal={Magnetic resonance in medicine},
  volume={72},
  number={3},
  pages={707--717},
  year={2014},
  publisher={Wiley Online Library}
}

@article{nishimura1995velocity,
  title={A velocity k-space analysis of flow effects in echo-planar and spiral imaging},
  author={Nishimura, Dwight G and Irarrazabal, Pablo and Meyer, Craig H},
  journal={Magnetic resonance in medicine},
  volume={33},
  number={4},
  pages={549--556},
  year={1995},
  publisher={Wiley Online Library}
}

@inproceedings{adcock2017breaking,
  title={Breaking the coherence barrier: A new theory for compressed sensing},
  author={Adcock, Ben and Hansen, Anders C and Poon, Clarice and Roman, Bogdan},
  booktitle={Forum of Mathematics, Sigma},
  volume={5},
  year={2017},
  organization={Cambridge University Press}
}

@article{boyer2016generation,
  title={On the generation of sampling schemes for magnetic resonance imaging},
  author={Boyer, Claire and Chauffert, Nicolas and Ciuciu, Philippe and Kahn, Jonas and Weiss, Pierre},
  journal={SIAM Journal on Imaging Sciences},
  volume={9},
  number={4},
  pages={2039--2072},
  year={2016},
  publisher={SIAM}
}

@inproceedings{fabian2021data,
  title={Data augmentation for deep learning based accelerated MRI reconstruction with limited data},
  author={Fabian, Zalan and Heckel, Reinhard and Soltanolkotabi, Mahdi},
  booktitle={International Conference on Machine Learning},
  pages={3057--3067},
  year={2021},
  organization={PMLR}
}

%%%%%
% For the DSM paper
%%%%%
@techreport{Yoshida2017,
author = {Yoshida, Yuichi and Miyato, Takeru},
title = {{Spectral Norm Regularization for Improving the Generalizability of Deep Learning}},
year = {2017}
}
@inproceedings{Vahdat2020,
author = {Vahdat, Arash and Kautz, Jan},
booktitle = {NeurIPS},
month = {jul},
title = {{NVAE: A Deep Hierarchical Variational Autoencoder}},
year = {2020}
}
@inproceedings{Song2020a,
author = {Song, Yang and Sohl-Dickstein, Jascha and Kingma, Diederik P. and Kumar, Abhishek and Ermon, Stefano and Poole, Ben},
booktitle = {ICLR},
pages = {1--32},
title = {{Score-Based Generative Modeling through Stochastic Differential Equations}},
year = {2021}
}
@inproceedings{Kingma2014,
author = {Kingma, Diederik P. and Welling, Max},
booktitle = {2nd International Conference on Learning Representations, ICLR 2014 - Conference Track Proceedings},
number = {Ml},
pages = {1--14},
title = {{Auto-encoding variational bayes}},
year = {2014}
}
@article{Girolami2011,
author = {Girolami, Mark and Calderhead, Ben},
issn = {13697412},
journal = {Journal of the Royal Statistical Society: Series B (Statistical Methodology)},
month = {mar},
number = {2},
pages = {123--214},
title = {{Riemann manifold Langevin and Hamiltonian Monte Carlo methods}},
volume = {73},
year = {2011}
}
@techreport{Wu2018,
author = {Wu, Ga and Domke, Justin and Sanner, Scott},
month = {may},
title = {{Conditional Inference in Pre-trained Variational Autoencoders via Cross-coding}},
year = {2018}
}
@inproceedings{Oord2016,
author = {van den Oord, Aaron and Kalchbrenner, Nal and Kavukcuoglu, Koray},
booktitle = {International Conference on Machine Learning (ICML)},
isbn = {9781510829008},
title = {{Pixel Recurrent Neural Networks}},
volume = {48},
year = {2016}
}
@article{Vincent2011,
author = {Vincent, Pascal},
issn = {08997667},
journal = {Neural Computation},
number = {7},
pages = {1661--1674},
title = {{A connection between scorematching and denoising autoencoders}},
volume = {23},
year = {2011}
}
@inproceedings{Hoffman2018,
author = {Hoffman, Matthew and Sountsov, Pavel and Dillon, Joshua V. and Langmore, Ian and Tran, Dustin and Vasudevan, Srinivas},
booktitle = {Symposium on Advances in Approximate Bayesian Inference},
month = {mar},
title = {{NeuTra-lizing Bad Geometry in Hamiltonian Monte Carlo Using Neural Transport}},
year = {2018}
}
@techreport{sanchez2020closed,
author = {Sanchez, Thomas and Krawczuk, Igor and Sun, Zhaodong and Cevher, Volkan},
title = {{Closed loop deep Bayesian inversion: Uncertainty driven acquisition for fast MRI}},
year = {2020}
}
@inproceedings{Salimans2017,
author = {Salimans, Tim and Karpathy, Andrej and Chen, Xi and Kingma, Diederik P.},
booktitle = {5th International Conference on Learning Representations, ICLR 2017 - Conference Track Proceedings},
pages = {1--10},
title = {{PixelCNN++: Improving the PixelCnn with discretized logistic mixture likelihood and other modifications}},
year = {2017}
}
@techreport{Miyato2018,
author = {Miyato, Takeru and Kataoka, Toshiki and Koyama, Masanori and Yoshida, Yuichi},
title = {{Spectral normalization for generative adversarial networks}},
year = {2018}
}
@techreport{Bigdeli2020,
author = {Bigdeli, Siavash A. and Lin, Geng and Portenier, Tiziano and Dunbar, L. Andrea and Zwicker, Matthias},
title = {{Learning Generative Models using Denoising Density Estimators}},
year = {2020}
}
@article{Neal2011,
author = {Neal, Radford M.},
isbn = {9781420079425},
journal = {Handbook of Markov Chain Monte Carlo},
pages = {113--162},
title = {{MCMC using hamiltonian dynamics}},
year = {2011}
}
@article{Tonolini2019,
author = {Tonolini, Francesco and Radford, Jack and Turpin, Alex and Faccio, Daniele and Murray-Smith, Roderick},
journal = {Journal of Machine Learning Research},
month = {apr},
pages = {1--46},
title = {{Variational Inference for Computational Imaging Inverse Problems}},
volume = {21},
year = {2019}
}
@article{Starck1998,
author = {Starck, J.-L. and Murtagh, F. and Bijaoui, A.},
issn = {01621459},
journal = {Cambridge University Press, 1998.},
title = {{Image Processing and Data Analysis, The Multiscale Approach}},
year = {1998}
}
@article{Fiedorowicz2021,
author = {Fiedorowicz, Pier and Rozo, Eduardo and Boruah, Supranta S. and Chang, Chihway and Gatti, Marco},
month = {may},
title = {{$\texttt{KaRMMa}$ -- Kappa Reconstruction for Mass Mapping}},
year = {2021}
}
@techreport{Lindgren2020,
author = {Lindgren, Erik M. and Whang, Jay and Dimakis, Alexandros G.},
pages = {1--21},
title = {{Conditional Sampling from Invertible Generative Models with Applications to Inverse Problems}},
year = {2020}
}
@inproceedings{Behrmann2019,
author = {Behrmann, Jens and Grathwohl, Will and Chen, Ricky T.Q. and Duvenaud, David and Jacobsen, J{\"{o}}rn Henrik},
booktitle = {36th International Conference on Machine Learning, ICML 2019},
isbn = {9781510886988},
pages = {894--910},
title = {{Invertible residual networks}},
volume = {2019-June},
year = {2019}
}
@inproceedings{Song2019a,
author = {Song, Yang and Garg, Sahaj and Shi, Jiaxin and Ermon, Stefano},
booktitle = {35th Conference on Uncertainty in Artificial Intelligence, UAI 2019},
title = {{Sliced score matching: A scalable approach to density and score estimation}},
year = {2019}
}

@inproceedings{Karras2020,
author = {Karras, Tero and Laine, Samuli and Aittala, Miika and Hellsten, Janne and Lehtinen, Jaakko and Aila, Timo},
booktitle = {Proceedings of the IEEE/CVF Conference on Computer Vision and Pattern Recognition},
pages = {8110----8119},
title = {{Analyzing and Improving the Image Quality of StyleGAN}},
year = {2020}
}

@article{Gouk2018a,
author = {Gouk, Henry and Frank, Eibe and Pfahringer, Bernhard and Cree, Michael J.},
journal = {Machine Learning},
pages = {393--416},
title = {{Regularisation of Neural Networks by Enforcing Lipschitz Continuity}},
volume = {110},
year = {2020}
}
@techreport{Adler2018DBI,
author = {Adler, Jonas and {\"{O}}ktem, Ozan},
month = {nov},
title = {{Deep Bayesian Inversion}},
year = {2018}
}

@inproceedings{Jolicoeur-Martineau2020,
author = {Jolicoeur-Martineau, Alexia and Pich{\'{e}}-Taillefer, R{\'{e}}mi and des Combes, R{\'{e}}mi Tachet and Mitliagkas, Ioannis},
booktitle = {ICLR},
title = {{Adversarial score matching and improved sampling for image generation}},
year = {2021}
}
@article{Metropolis1953,
author = {Metropolis, Nicholas and Rosenbluth, Arianna W. and Rosenbluth, Marshall N. and Teller, Augusta H. and Teller, Edward},
issn = {00219606},
journal = {The Journal of Chemical Physics},
number = {6},
pages = {1087--1092},
title = {{Equation of state calculations by fast computing machines}},
volume = {21},
year = {1953}
}
@article{Hastings1970,
author = {Hastings, W. K.},
issn = {00063444},
journal = {Biometrika},
number = {1},
pages = {97--109},
title = {{Monte carlo sampling methods using Markov chains and their applications}},
volume = {57},
year = {1970}
}

@inproceedings{Bohm2019,
author = {B{\"{o}}hm, Vanessa and Lanusse, Fran{\c{c}}ois and Seljak, Uro{\v{s}}},
booktitle = {NeurIPS workshop on Bayesian Deep Learning},
month = {oct},
title = {{Uncertainty Quantification with Generative Models}},
year = {2019}
}
@techreport{Betancourt2017,
author = {Betancourt, Michael},
title = {{A Conceptual Introduction to Hamiltonian Monte Carlo}},
year = {2017}
}
@inproceedings{Ryu2019,
author = {Ryu, Ernest K. and Liu, Jialin and Wang, Sicheng and Chen, Xiaohan and Wang, Zhangyang and Yin, Wotao},
booktitle = {36th International Conference on Machine Learning, ICML 2019},
isbn = {9781510886988},
pages = {9764--9775},
title = {{Plug-and-play methods provably converge with properly trained denoisers}},
volume = {2019-June},
year = {2019}
}
@inproceedings{Zhang2019,
author = {Zhang, Zizhao and Romero, Adriana and Muckley, Matthew J. and Vincent, Pascal and Yang, Lin and Drozdzal, Michal},
booktitle = {Proceedings of the IEEE Computer Society Conference on Computer Vision and Pattern Recognition},
isbn = {9781728132938},
issn = {10636919},
pages = {2049--2053},
title = {{Reducing uncertainty in undersampled MRI reconstruction with active acquisition}},
volume = {2019-June},
year = {2019}
}


@inproceedings{He2016a,
author = {He, Kaiming and Zhang, Xiangyu and Ren, Shaoqing and Sun, Jian},
booktitle = {Proceedings of the IEEE Computer Society Conference on Computer Vision and Pattern Recognition},
isbn = {9781467388504},
issn = {10636919},
pages = {770--778},
title = {{Deep residual learning for image recognition}},
volume = {2016-Decem},
year = {2016}
}

@inproceedings{Denker2020,
author = {Denker, Alexander and Schmidt, Maximilian and Leuschner, Johannes and Maass, Peter and Behrmann, Jens},
booktitle = {ICML},
month = {jun},
title = {{Conditional Normalizing Flows for Low-Dose Computed Tomography Image Reconstruction}},
year = {2020}
}
@inproceedings{Venkatakrishnan2013,
author = {Venkatakrishnan, Singanallur V. and Bouman, Charles A. and Wohlberg, Brendt},
booktitle = {2013 IEEE Global Conference on Signal and Information Processing, GlobalSIP 2013 - Proceedings},
isbn = {9781479902484},
pages = {945--948},
title = {{Plug-and-Play priors for model based reconstruction}},
year = {2013}
}
@inproceedings{Lim2020,
author = {Lim, Jae Hyun and Courville, Aaron and Pal, Christopher and Huang, Chin-Wei},
booktitle = {ICML},
title = {{AR-DAE: Towards Unbiased Neural Entropy Gradient Estimation}},
year = {2020}
}
@inproceedings{Edupuganti2019,
author = {Edupuganti, Vineet and Mardani, Morteza and Vasanawala, Shreyas and Pauly, John},
booktitle = {NeurIPS 2020 Workshop on Deep Learning and Inverse Problems},
title = {{Uncertainty Quantification in Deep MRI Reconstruction}},
year = {2020}
}
@inproceedings{Wei2020,
author = {Wei, Kaixuan and Aviles-rivero, Angelica and Liang, Jingwei and Fu, Ying and Sch{\"{o}}nlieb, Carola-bibiane and Huang, Hua},
booktitle = {ICML},
title = {{Tuning-free Plug-and-Play Proximal Algorithm for Inverse Imaging Problems}},
year = {2020}
}
@inproceedings{Song2020,
author = {Song, Yang and Ermon, Stefano},
booktitle = {NeurIPS},
title = {{Improved Techniques for Training Score-Based Generative Models}},
year = {2020}
}
@inproceedings{Rezende2015a,
author = {Rezende, Danilo Jimenez and Mohamed, Shakir},
booktitle = {32nd International Conference on Machine Learning, ICML 2015},
isbn = {9781510810587},
pages = {1530--1538},
title = {{Variational inference with normalizing flows}},
volume = {2},
year = {2015}
}

@inproceedings{Rezende2014,
author = {Rezende, Danilo Jimenez and Mohamed, Shakir and Wierstra, Daan},
booktitle = {31st International Conference on Machine Learning, ICML 2014},
isbn = {9781634393973},
month = {jan},
pages = {3057--3070},
title = {{Stochastic Backpropagation and Approximate Inference in Deep Generative Models}},
volume = {4},
year = {2014}
}
@article{Hoffman2013,
author = {Hoffman, Matthew D. and Blei, David M. and Wang, Chong and Paisley, John},
issn = {15324435},
journal = {Journal of Machine Learning Research},
pages = {1303--1347},
title = {{Stochastic variational inference}},
volume = {14},
year = {2013}
}
@inproceedings{Goodfellow2014,
author = {Goodfellow, Ian J. and Pouget-Abadie, Jean and Mirza, Mehdi and Mirza, Bing and Warde-Farley, David and Ozair, Sherjil and Courville, Aaron and Bengio, Yoshua},
booktitle = {Advances in neural information processing systems},
title = {{Generative Adversarial Nets}},
year = {2014}
}
@techreport{Block2020,
author = {Block, Adam and Mroueh, Youssef and Rakhlin, Alexander},
pages = {1--25},
title = {{Generative Modeling with Denoising Auto-Encoders and Langevin Sampling}},
year = {2020}
}
@inproceedings{Alain2013,
author = {Alain, Guillaume and Bengio, Yoshua},
booktitle = {1st International Conference on Learning Representations, ICLR 2013 - Conference Track Proceedings},
pages = {3743--3773},
title = {{What regularized auto-encoders learn from the data generating distribution}},
volume = {15},
year = {2013}
}
@inproceedings{Ardizzone2019,
author = {Ardizzone, Lynton and Kruse, Jakob and Wirkert, Sebastian and Rahner, Daniel and Pellegrini, Eric W. and Klessen, Ralf S. and Maier-Hein, Lena and Rother, Carsten and K{\"{o}}the, Ullrich},
booktitle = {7th International Conference on Learning Representations, ICLR 2019},
number = {i},
pages = {1--20},
title = {{Analyzing inverse problems with invertible neural networks}},
year = {2019}
}
@article{Price2018,
author = {Price, Matthew A. and Cai, Xiaohao and McEwen, Jason D. and Pereyra, Marcelo and Kitching, Thomas D.},
month = {dec},
title = {{Sparse Bayesian mass-mapping with uncertainties: local credible intervals}},
year = {2018}
}


@inproceedings{Pang2020,
author = {Pang, Tianyu and Xu, Kun and Li, Chongxuan and Song, Yang and Ermon, Stefano and Zhu, Jun},
booktitle = {NeurIPS},
pages = {1--25},
title = {{Efficient Learning of Generative Models via Finite-Difference Score Matching}},
year = {2020}
}
@article{Bardeen1986,
author = {Bardeen, J. M. and Bond, J. R. and Kaiser, N. and Szalay, A. S.},
isbn = {6103544947},
issn = {0004-637X},
journal = {The Astrophysical Journal},
month = {may},
number = {3},
pages = {15},
pmid = {949020},
title = {{The statistics of peaks of Gaussian random fields}},
volume = {304},
year = {1986}
}

@inproceedings{Boyd2011,
author = {Boyd, Stephen},
booktitle = {IEEE Conference on Decision and Control},
isbn = {9781450336642},
issn = {1935-8237},
pages = {1--44},
title = {{Alternating Direction Method of Multipliers}},
volume = {3},
year = {2011}
}
@inproceedings{Tong2019,
author = {Tong, Alexander and Yousefzadeh, Roozbah and Wolf, Guy and Krishnaswamy, Smita},
booktitle = {2020 IEEE 30th International Workshop on Machine Learning for Signal Processing (MLSP)},
title = {{Fixing Bias in Reconstruction-based Anomaly Detection with Lipschitz Discriminators}},
year = {2020}
}

@techreport{Block2020a,
author = {Block, Adam and Mroueh, Youssef and Rakhlin, Alexander and Ross, Jerret},
pages = {1--26},
title = {{Fast Mixing of Multi-Scale Langevin Dynamics under the Manifold Hypothesis}},
year = {2020}
}

@article{HyvarinenAAPOHYVARINEN2005,
author = {Hyv{\"{a}}rinen, Aapo},
journal = {Journal of Machine Learning Research},
pages = {695--708},
title = {{Estimation of Non-Normalized Statistical Models by Score Matching}},
volume = {6},
year = {2005}
}
@inproceedings{Kingma2018,
author = {Kingma, Diederik P. and Dhariwal, Prafulla},
booktitle = {NeurIPS},
isbn = {0769501850},
issn = {10059040},
month = {jul},
pages = {1--15},
title = {{Glow: Generative Flow with Invertible 1x1 Convolutions}},
year = {2018}
}


%%%%%
% For the learnlets paper
%%%%%
@inproceedings{Recoskie2018,
author = {Recoskie, Daniel and Mann, Richard},
isbn = {9781538664810},
booktitle = {Proceedings - 2018 15th Conference on Computer and Robot Vision, CRV 2018},
pages = {198--205},
publisher = {IEEE},
title = {{Learning filters for the 2D wavelet transform}},
year = {2018}
}

@inproceedings{Jawali2019,
author = {Jawali, Dhruv and Kumar, Abhishek and See},
booktitle = {ICASSP, IEEE International Conference on Acoustics, Speech and Signal Processing - Proceedings},
isbn = {9781538646588},
pages = {5018--5022},
title = {{A Learning Approach for Wavelet Design}},
year = {2019}
}



@article{Pfister2019,
archivePrefix = {arXiv},
arxivId = {1803.01980},
author = {Pfister, Luke and Bresler, Yoram},
issn = {1053587X},
journal = {IEEE Transactions on Signal Processing},
number = {2},
pages = {504--519},
title = {{Learning Filter Bank Sparsifying Transforms}},
volume = {67},
year = {2019}
}




@article{Zhang2001,
author = {Zhang, Xiao Ping},
issn = {10459227},
journal = {IEEE Transactions on Neural Networks},
number = {3},
pages = {567--584},
title = {{Thresholding neural network for adaptive noise reduction}},
volume = {12},
year = {2001}
}

@article{ye2018deep,
  title={Deep convolutional framelets: A general deep learning framework for inverse problems},
  author={Ye, Jong Chul and Han, Yoseob and Cha, Eunju},
  journal={SIAM Journal on Imaging Sciences},
  volume={11},
  number={2},
  pages={991--1048},
  year={2018},
  publisher={SIAM}
}

@inproceedings{liu2018multi,
  title={Multi-level wavelet-CNN for image restoration},
  author={Liu, Pengju and Zhang, Hongzhi and Zhang, Kai and Lin, Liang and Zuo, Wangmeng},
  booktitle={Proceedings of the IEEE Conference on Computer Vision and Pattern Recognition Workshops},
  pages={773--782},
  year={2018}
}

@article{Zhang2018,
author = {Zhang, Kai and Zuo, Wangmeng and Zhang, Lei},
issn = {10577149},
journal = {IEEE Transactions on Image Processing},
number = {9},
pages = {4608--4622},
publisher = {IEEE},
title = {{FFDNet: Toward a fast and flexible solution for CNN-Based image denoising}},
volume = {27},
year = {2018}
}

@article{Zhang2017,
archivePrefix = {arXiv},
arxivId = {arXiv:1608.03981v1},
author = {Zhang, Kai and Zuo, Wangmeng and Chen, Yunjin and Meng, Deyu and Zhang, Lei},
issn = {10577149},
journal = {IEEE Transactions on Image Processing},
number = {7},
pages = {3142--3155},
title = {{Beyond a Gaussian denoiser: Residual learning of deep CNN for image denoising}},
volume = {26},
year = {2017}
}

@inproceedings{lefkimmiatis2018universal,
  title={Universal denoising networks: a novel CNN architecture for image denoising},
  author={Lefkimmiatis, Stamatios},
  booktitle={Proceedings of the IEEE conference on computer vision and pattern recognition},
  pages={3204--3213},
  year={2018}
}

@article{donoho1995noising,
  title={De-noising by soft-thresholding},
  author={Donoho, David L},
  journal={IEEE transactions on information theory},
  volume={41},
  number={3},
  pages={613--627},
  year={1995},
  publisher={IEEE}
}

@Article{amfm_pami2011,
 author = {Arbelaez, Pablo and Maire, Michael and Fowlkes, Charless and Malik, Jitendra},
 title = {Contour Detection and Hierarchical Image Segmentation},
 journal = {IEEE Trans. Pattern Anal. Mach. Intell.},
 volume = {33},
 number = {5},
 month = may,
 year = {2011},
 issn = {0162-8828},
 pages = {898--916},
 numpages = {19},
 acmid = {1963088},
 publisher = {IEEE Computer Society},
 address = {Washington, DC, USA},
} 

@InProceedings{MartinFTM01,
  author = {David Martin and C. Fowlkes and D. Tal and J. Malik},
  title = {A Database of Human Segmented Natural Images and its
           Application to Evaluating Segmentation Algorithms and
           Measuring Ecological Statistics},
  booktitle = {Proc. 8th Int'l Conf. Computer Vision},
  year = {2001},
  volume = {2},
  pages = {416--423}
}




@inproceedings{long2015fully,
  title={Fully convolutional networks for semantic segmentation},
  author={Long, Jonathan and Shelhamer, Evan and Darrell, Trevor},
  booktitle={Proceedings of the IEEE conference on computer vision and pattern recognition},
  pages={3431--3440},
  year={2015}
}

@inproceedings{isola2017image,
  title={Image-to-image translation with conditional adversarial networks},
  author={Isola, Phillip and Zhu, Jun-Yan and Zhou, Tinghui and Efros, Alexei A},
  booktitle={Proceedings of the IEEE conference on computer vision and pattern recognition},
  pages={1125--1134},
  year={2017}
}


@inproceedings{dabov2006image,
  title={Image denoising with block-matching and 3D filtering},
  author={Dabov, Kostadin and Foi, Alessandro and Katkovnik, Vladimir and Egiazarian, Karen},
  booktitle={Image Processing: Algorithms and Systems, Neural Networks, and Machine Learning},
  volume={6064},
  pages={606414},
  year={2006},
  organization={International Society for Optics and Photonics}
}



@inproceedings{ablin2019learning,
  title={Learning step sizes for unfolded sparse coding},
  author={Ablin, Pierre and Moreau, Thomas and Massias, Mathurin and Gramfort, Alexandre},
  booktitle={Advances in Neural Information Processing Systems},
  pages={13100--13110},
  year={2019}
}

@book{mallat1999wavelet,
  title={A wavelet tour of signal processing},
  author={Mallat, Stephane},
  year={1999},
  publisher={Elsevier}
}

@article{zhang2008wavelets,
  title={Wavelets, ridgelets, and curvelets for Poisson noise removal},
  author={Zhang, Bo and Fadili, Jalal M and Starck, Jean-Luc},
  journal={IEEE Transactions on Image Processing},
  volume={17},
  number={7},
  pages={1093--1108},
  year={2008},
  publisher={IEEE}
}

@inproceedings{ulyanov2018deep,
  title={Deep image prior},
  author={Ulyanov, Dmitry and Vedaldi, Andrea and Lempitsky, Victor},
  booktitle={Proceedings of the IEEE Conference on Computer Vision and Pattern Recognition},
  pages={9446--9454},
  year={2018}
}

@article{starck2002curvelet,
  title={The curvelet transform for image denoising},
  author={Starck, Jean-Luc and Candes, Emmanuel J and Donoho, David L},
  journal={IEEE Transactions on image processing},
  volume={11},
  number={6},
  pages={670--684},
  year={2002},
  publisher={IEEE}
}

@book{starck2010sparse,
  title={Sparse image and signal processing: wavelets, curvelets, morphological diversity},
  author={Starck, Jean-Luc and Murtagh, Fionn and Fadili, Jalal M},
  year={2010},
  publisher={Cambridge university press}
}

@inproceedings{yu2019deep,
  title={Deep iterative down-up CNN for image denoising},
  author={Yu, Songhyun and Park, Bumjun and Jeong, Jechang},
  booktitle={Proceedings of the IEEE Conference on Computer Vision and Pattern Recognition Workshops},
  year={2019}
}

@article{candes2008enhancing,
  title={Enhancing sparsity by reweighted l1 minimization},
  author={Candes, Emmanuel J and Wakin, Michael B and Boyd, Stephen P},
  journal={Journal of Fourier analysis and applications},
  volume={14},
  number={5-6},
  pages={877--905},
  year={2008},
  publisher={Springer}
}

@article{fan2020soft,
  title={Soft Autoencoder and Its Wavelet Adaptation Interpretation},
  author={Fan, Fenglei and Li, Mengzhou and Teng, Yueyang and Wang, Ge},
  journal={IEEE Transactions on Computational Imaging},
  volume={6},
  pages={1245--1257},
  year={2020},
  publisher={IEEE}
}

%%%%%
% For the GRAPPA paper
%%%%%
@article{Marrakchi-Kacem2016RobustChoices,
    title = {{Robust imaging of hippocampal inner structure at 7T: in vivo acquisition protocol and methodological choices}},
    year = {2016},
    journal = {Magnetic Resonance Materials in Physics, Biology and Medicine},
    author = {Marrakchi-Kacem, Linda and Vignaud, Alexandre and Sein, Julien and Germain, Johanne and Henry, Thomas R. and Poupon, Cyril and Hertz-Pannier, Lucie and Leh{\'{e}}ricy, Stéphane and Colliot, Olivier and Van de Moortele, Pierre François and Chupin, Marie},
    number = {3},
    pages = {475--489},
    volume = {29},
    issn = {13528661},
    pmid = {27138193},
}


%%%%%
% For the SHINE paper
%%%%%
@Article{MoreTrangenstein,
	Author = {J.J. {More} and J.A. {Trangenstein}},
	Title = {{On the global convergence of Broyden's method}},
	Journal = {{Mathematics of Computation}},
	Volume = {30},
	Pages = {523--540},
	Year = {1976},
	Publisher = {American Mathematical Society (AMS), Providence, RI},
	Language = {English},
}

@Article{ByrdNocedal,
 Author = {Richard H. {Byrd} and Jorge {Nocedal}},
 Title = {{A tool for the analysis of quasi-Newton methods with application to unconstrained minimization}},
 Journal = {{SIAM Journal on Numerical Analysis}},
 Volume = {26},
 Number = {3},
 Pages = {727--739},
 Year = {1989},
 Publisher = {Society for Industrial and Applied Mathematics (SIAM), Philadelphia, PA},
 Language = {English},
}

@Article{ByrdSchnabelShultz,
 Author = {Richard H. {Byrd} and Robert B. {Schnabel} and Gerald A. {Shultz}},
 Title = {{Parallel quasi-Newton methods for unconstrained optimization}},
 Journal = {{Mathematical Programming. Series A. Series B}},
 Volume = {42},
 Number = {2 (B)},
 Pages = {273--306},
 Year = {1988},
 Publisher = {Springer, Berlin/Heidelberg},
 Language = {English},
}

@Article{LiFukushima2000,
	Author = {D. {Li} and M. {Fukushima}},
	Title = {{A derivative-free line search and global convergence of Broyden-like method for nonlinear equations}},
	Journal = {{Optimization Methods {\&} Software}},
	Volume = {13},
	Number = {3},
	Pages = {181--201},
	Year = {2000},
	Publisher = {Taylor {\&} Francis, Reading, Berkshire},
	Language = {English},
}

@unpublished{Mannel2021_OnConvergence,
	Author = {F. {Mannel}},
	Title = {{On the convergence of the Broyden-like matrices}},
	Year = {2021},
}

@Article{SROneConv_KBS,
	Author = {H. {Fayez Khalfan} and R. H. {Byrd} and R. B. {Schnabel}},
	Title = {{A theoretical and experimental study of the symmetric rank-one update}},
	Journal = {{SIAM Journal on Optimization}},
	Volume = {3},
	Number = {1},
	Pages = {1--24},
	Year = {1993},
	Publisher = {Society for Industrial and Applied Mathematics (SIAM), Philadelphia, PA},
	Language = {English},
}

@Article{BroydenDennisMore,
 Author = {C. G. {Broyden} and J. E. jun. {Dennis} and Jorge J. {More}},
 Title = {{On the local and superlinear convergence of quasi-Newton methods}},
 Journal = {{Journal of the Institute of Mathematics and its Applications}},
 Volume = {12},
 Pages = {223--245},
 Year = {1973},
 Publisher = {Academic Press, London},
 Language = {English},
}

@article{Broyden1965AEquations,
    title = {{A Class of Methods for Solving Nonlinear Simultaneous Equations}},
    year = {1965},
    journal = {Mathematics of Computation},
    author = {Broyden, C. G.},
    number = {92},
    pages = {577--593},
    volume = {19}
}


@article{Sherman1950AdjustmentMatrix,
    title = {{Adjustment of an inverse matrix corresponding to a change in one element of a given matrix}},
    year = {1950},
    journal = {The Annals of Mathematical Statistics},
    author = {Sherman, Jack and Morrison, Winifred J.},
    number = {1},
    pages = {124--127},
    volume = {21}
}

@article{Harris2020ArrayNumPy,
    title = {{Array programming with NumPy}},
    year = {2020},
    journal = {Nature},
    author = {Harris, Charles R. and Millman, K. Jarrod and van der Walt, Stéfan J. and Gommers, Ralf and Virtanen, Pauli and Cournapeau, David and Wieser, Eric and Taylor, Julian and Berg, Sebastian and Smith, Nathaniel J. and Kern, Robert and Picus, Matti and Hoyer, Stephan and van Kerkwijk, Marten H. and Brett, Matthew and Haldane, Allan and del R{\'{i}}o, Jaime Fernández and Wiebe, Mark and Peterson, Pearu and G{\'{e}}rard-Marchant, Pierre and Sheppard, Kevin and Reddy, Tyler and Weckesser, Warren and Abbasi, Hameer and Gohlke, Christoph and Oliphant, Travis E.},
    number = {7825},
    month = {9},
    pages = {357--362},
    volume = {585},
    publisher = {Nature Research},
    keywords = {Computational neuroscience, Computational science, Computer science, Software, Solar physics}
}

@article{Li1998ConvergenceMatrix,
    title = {{Convergence of Broyden-Like Matrix}},
    year = {1998},
    journal = {Applied Mathematics Letter},
    author = {Li, Donghui and Zeng, Jinping and Zhou, Shuzi},
    number = {5},
    pages = {35--37},
    volume = {11}
}

@article{Conn1991ConvergenceUpdate,
    title = {{Convergence of quasi-Newton matrices generated by the symmetric rank one update}},
    year = {1991},
    journal = {Mathematical Programming},
    author = {Conn, A. R. and Gould, N. I.M. and Toint, Ph L.},
    number = {1-3},
    pages = {177--195},
    volume = {50},
    issn = {00255610},
    keywords = {Quasi-Newton updates, convergence theory}
}

@article{Mannel2021ConvergenceEquations,
    title = {{Convergence properties of the Broyden-like method for mixed linear–nonlinear systems of equations}},
    year = {2021},
    journal = {Numerical Algorithms},
    author = {Mannel, Florian},
    pages = {1--29},
    publisher = {Numerical Algorithms},
    keywords = {Broyden-like method, Broyden’s method, Convergence of Broyden-like matrices, Quasi-Newton methods, Uniform linear independence}
}

@techreport{Heaton2021Feasibility-basedNetworks,
    title = {{Feasibility-based Fixed Point Networks}},
    year = {2021},
    author = {Heaton, Howard and Fung, Samy Wu and Gibali, Aviv and Yin, Wotao},
    keywords = {averaged, convex feasibility problem, deep learning, fixed point network, implicit depth, learned regularizer, machine learning, nonexpansive, projection}
}

@techreport{Fung2021FixedBackprop,
    title = {{Fixed Point Networks: Implicit Depth Models with Jacobian-Free Backprop}},
    year = {2021},
    author = {Fung, Samy Wu and Heaton, Howard and Li, Qiuwei and Mckenzie, Daniel and Osher, Stanley and Yin, Wotao}
}

@article{Pedregosa2016HyperparameterGradient,
    title = {{Hyperparameter optimization with approximate gradient}},
    year = {2016},
    journal = {33rd International Conference on Machine Learning, ICML 2016},
    author = {Pedregosa, Fabian},
    pages = {1150--1159},
    volume = {2}
}

@inproceedings{Deng2009ImageNet:Database,
    title = {{ImageNet: A large-scale hierarchical image database}},
    year = {2009},
    booktitle = {CVPR},
    author = {Deng, Jia and Dong, Wei and Socher, Richard and Li, Li-Jia and {Kai Li} and {Li Fei-Fei}},
    publisher = {Institute of Electrical and Electronics Engineers (IEEE)}
}

@inproceedings{Bertrand2020ImplicitOptimization,
    title = {{Implicit differentiation of Lasso-type models for hyperparameter optimization Implicit differentiation of Lasso-type models for hyperparameter optimization Implicit differentiation of Lasso-type models for hyperparameter optimization}},
    year = {2020},
    booktitle = {ICML},
    author = {Bertrand, Quentin and Klopfenstein, Quentin and Blondel, Mathieu and Vaiter, Samuel and Gramfort, Alexandre and Salmon, Joseph},
    month = {7}
}

@techreport{Krizhevsky2009LearningImages,
    title = {{Learning Multiple Layers of Features from Tiny Images}},
    year = {2009},
    author = {Krizhevsky, Alex}
}

@article{Hunter2007Matplotlib:Environment,
    title = {{Matplotlib: A 2D graphics environment}},
    year = {2007},
    journal = {Computing in Science and Engineering},
    author = {Hunter, John D.},
    number = {3},
    pages = {90--95},
    volume = {9},
    publisher = {IEEE Computer Society}
}

@techreport{Hestenes1952MethodsSystems,
    title = {{Methods of Conjugate Gradients for Solving Linear Systems}},
    year = {1952},
    booktitle = {Journal of Research of the National Bureau of Standards},
    author = {Hestenes, Magnus R and Stiefel, Eduard},
    number = {6},
    volume = {49}
}


@inproceedings{Chen2018NeuralEquations,
    title = {{Neural Ordinary differential equations}},
    year = {2018},
    booktitle = {NeurIPS},
    author = {Chen, Ricky T.Q. and Rubanova, Yulia and Bettencourt, Jesse and Duvenaud, David}
}

@inproceedings{Lang1995NewsWeeder:Netnews,
    title = {{NewsWeeder: Learning to Filter Netnews}},
    year = {1995},
    booktitle = {ICML},
    author = {Lang, Ken},
    pages = {331--339},
    publisher = {Elsevier}
}

@unpublished{Mannel2021OnProblems,
    title = {{On the convergence of Broyden’s method and some accelerated schemes for singular problems}},
    year = {2021},
    author = {Mannel, Florian},
    keywords = {49m15, 65h10, 65k05, 90c30, 90c53, accelerated schemes, ams subject classifications, broyden, convergence of broyden matrices, domain of convergence, s method, singular problems, uniform linear independence}
}

@unpublished{Mannel2020OnMatrices,
    title = {{On the convergence of the Broyden-like matrices}},
    year = {2020},
    author = {Mannel, Florian}
}

@article{Liu1989OnOptimization,
    title = {{On the limited memory BFGS method for large scale optimization}},
    year = {1989},
    journal = {Mathematical Programming, Series B},
    author = {Liu, Dong C. and Nocedal, Jorge},
    number = {3},
    pages = {503--528},
    volume = {45},
}

@article{Schlenkrich2010OnMethods,
    title = {{On the local convergence of adjoint Broyden methods}},
    year = {2010},
    journal = {Mathematical Programming},
    author = {Schlenkrich, Sebastian and Griewank, Andreas and Walther, Andrea},
    number = {2},
    pages = {221--247},
    volume = {121},
    issn = {14364646},
    keywords = {Adjoint based update, Automatic differentiation, Nonlinear equations, Quasi-Newton methods}
}

@inproceedings{Lorraine2020OptimizingDifferentiation,
    title = {{Optimizing Millions of Hyperparameters by Implicit Differentiation}},
    year = {2020},
    booktitle = {AISTATS},
    author = {Lorraine, Jonathan and Vicol, Paul and Duvenaud, David},
    arxivId = {1911.02590v1}
}

@inproceedings{Amos2017OptNet:Networks,
    title = {{OptNet: Differentiable Optimization as a Layer in Neural Networks}},
    year = {2017},
    booktitle = {ICML},
    author = {Amos, Brandon and Zico Kolter, J},
    arxivId = {1703.00443v4}
}

@inproceedings{Paszke2019PyTorch:Library,
    title = {{PyTorch: An Imperative Style, High-Performance Deep Learning Library}},
    year = {2019},
    booktitle = {NeurIPS},
    author = {Paszke, Adam and Gross, Sam and Massa, Francisco and Lerer, Adam and Bradbury, James and Chanan, Gregory and Killeen, Trevor and Lin, Zeming and Gimelshein, Natalia and Antiga, Luca and Desmaison, Alban and K{\"{o}}pf, Andreas and Yang, Edward and DeVito, Zach and Raison, Martin and Tejani, Alykhan and Chilamkurthy, Sasank and Steiner, Benoit and Fang, Lu and Bai, Junjie and Chintala, Soumith},
    month = {12}
}

@incollection{Nocedal2006Quasi-NewtonMethods,
    title = {{Quasi-Newton Methods}},
    year = {2006},
    booktitle = {Numerical Optimization},
    author = {Nocedal, Jorge and Wright, Stephen},
    pages = {135--163}
}

@article{Bergstra2012RandomBengio,
    title = {{Random Search for Hyper-Parameter Optimization Yoshua Bengio}},
    year = {2012},
    journal = {Journal of Machine Learning Research},
    author = {Bergstra, James and Bengio, Yoshua},
    pages = {281--305},
    volume = {13},
    keywords = {deep learning, global optimization, model selection, neural networks, response surface modeling}
}

@article{Gower2017RandomizedAlgorithms,
    title = {{Randomized quasi-Newton updates are linearly convergent matrix inversion algorithms}},
    year = {2017},
    journal = {SIAM Journal on Matrix Analysis and Applications},
    author = {Gower, Robert M. and Richt{\'{a}}rik, Peter},
    number = {4},
    pages = {1380--1409},
    volume = {38},
    keywords = {BFGS, Iterative methods, Matrix inversion, Quasi-Newton, Stochastic convergence, Stochastic methods}
}

@article{Pedregosa2011Scikit-learn:Perrot,
    title = {{Scikit-learn: Machine Learning in Python}},
    year = {2011},
    journal = {Journal of Machine Learning Research},
    author = {Pedregosa, Fabian and Varoquaux, Gaël and Gramfort, Alexandre and Michel, Vincent and Thirion, Bertrand and Grisel, Olivier and Blondel, Mathieu and Prettenhofer, Peter and Weiss, Ron and Dubourg, Vincent and Vanderplas, Jake and Passos, Alexandre and Cournapeau, David and Brucher, Matthieu and Perrot, Matthieu and Duchesnay, Edouard},
    pages = {2825--2830},
    volume = {12},
    keywords = {Python, model selection, supervised learning, unsupervised learning}
}

@article{Virtanen2020SciPyPython,
    title = {{SciPy 1.0: fundamental algorithms for scientific computing in Python}},
    year = {2020},
    journal = {Nature Methods},
    author = {Virtanen, Pauli and Gommers, Ralf and Oliphant, Travis E. and Haberland, Matt and Reddy, Tyler and Cournapeau, David and Burovski, Evgeni and Peterson, Pearu and Weckesser, Warren and Bright, Jonathan and van der Walt, Stéfan J. and Brett, Matthew and Wilson, Joshua and Millman, K. Jarrod and Mayorov, Nikolay and Nelson, Andrew R.J. and Jones, Eric and Kern, Robert and Larson, Eric and Carey, C. J. and Polat, Ilhan and Feng, Yu and Moore, Eric W. and VanderPlas, Jake and Laxalde, Denis and Perktold, Josef and Cimrman, Robert and Henriksen, Ian and Quintero, E. A. and Harris, Charles R. and Archibald, Anne M. and Ribeiro, Antônio H. and Pedregosa, Fabian and van Mulbregt, Paul and Vijaykumar, Aditya and Bardelli, Alessandro Pietro and Rothberg, Alex and Hilboll, Andreas and Kloeckner, Andreas and Scopatz, Anthony and Lee, Antony and Rokem, Ariel and Woods, C. Nathan and Fulton, Chad and Masson, Charles and H{\"{a}}ggstr{\"{o}}m, Christian and Fitzgerald, Clark and Nicholson, David A. and Hagen, David R. and Pasechnik, Dmitrii V. and Olivetti, Emanuele and Martin, Eric and Wieser, Eric and Silva, Fabrice and Lenders, Felix and Wilhelm, Florian and Young, G. and Price, Gavin A. and Ingold, Gert Ludwig and Allen, Gregory E. and Lee, Gregory R. and Audren, Hervé and Probst, Irvin and Dietrich, Jörg P. and Silterra, Jacob and Webber, James T. and Slavi{\v{c}}, Janko and Nothman, Joel and Buchner, Johannes and Kulick, Johannes and Sch{\"{o}}nberger, Johannes L. and de Miranda Cardoso, José Vinícius and Reimer, Joscha and Harrington, Joseph and Rodr{\'{i}}guez, Juan Luis Cano and Nunez-Iglesias, Juan and Kuczynski, Justin and Tritz, Kevin and Thoma, Martin and Newville, Matthew and K{\"{u}}mmerer, Matthias and Bolingbroke, Maximilian and Tartre, Michael and Pak, Mikhail and Smith, Nathaniel J. and Nowaczyk, Nikolai and Shebanov, Nikolay and Pavlyk, Oleksandr and Brodtkorb, Per A. and Lee, Perry and McGibbon, Robert T. and Feldbauer, Roman and Lewis, Sam and Tygier, Sam and Sievert, Scott and Vigna, Sebastiano and Peterson, Stefan and More, Surhud and Pudlik, Tadeusz and Oshima, Takuya and Pingel, Thomas J. and Robitaille, Thomas P. and Spura, Thomas and Jones, Thouis R. and Cera, Tim and Leslie, Tim and Zito, Tiziano and Krauss, Tom and Upadhyay, Utkarsh and Halchenko, Yaroslav O. and V{\'{a}}zquez-Baeza, Yoshiki},
    number = {3},
    month = {3},
    pages = {261--272},
    volume = {17},
    publisher = {Nature Research},
    keywords = {Biophysical chemistry, Computational biology and bioinformatics, Technology}
}

@book{Krantz2013TheApplications,
    title = {{The Implicit Function Theorem: History, Theory, and Applications}},
    year = {2013},
    booktitle = {The Implicit Function Theorem: History, Theory, and Applications},
    author = {Krantz, Steven G. and Parks, Harold R.},
    month = {1},
    pages = {1--163},
    publisher = {Springer New York}
}

@inproceedings{Gomez2017TheActivations,
    title = {{The Reversible Residual Network: Backpropagation Without Storing Activations}},
    year = {2017},
    booktitle = {NIPS},
    author = {Gomez, Aidan N and Ren, Mengye and Urtasun, Raquel and Grosse, Roger B}
}

%%%%%
% For DL figure
%%%%%
@article{rosenblatt1958perceptron,
  title={The perceptron: a probabilistic model for information storage and organization in the brain.},
  author={Rosenblatt, Frank},
  journal={Psychological review},
  volume={65},
  number={6},
  pages={386},
  year={1958},
  publisher={American Psychological Association}
}

@article{ivakhnenko1971polynomial,
  title={Polynomial theory of complex systems},
  author={Ivakhnenko, Alexey Grigorevich},
  journal={IEEE transactions on Systems, Man, and Cybernetics},
  number={4},
  pages={364--378},
  year={1971},
  publisher={IEEE}
}

@article{rumelhart1986learning,
  title={Learning representations by back-propagating errors},
  author={Rumelhart, David E and Hinton, Geoffrey E and Williams, Ronald J},
  journal={nature},
  volume={323},
  number={6088},
  pages={533--536},
  year={1986},
  publisher={Nature Publishing Group}
}

@article{lecun1989backpropagation,
  title={Backpropagation applied to handwritten zip code recognition},
  author={LeCun, Yann and Boser, Bernhard and Denker, John S and Henderson, Donnie and Howard, Richard E and Hubbard, Wayne and Jackel, Lawrence D},
  journal={Neural computation},
  volume={1},
  number={4},
  pages={541--551},
  year={1989},
  publisher={MIT Press}
}

@article{hochreiter1997long,
  title={Long short-term memory},
  author={Hochreiter, Sepp and Schmidhuber, J{\"u}rgen},
  journal={Neural computation},
  volume={9},
  number={8},
  pages={1735--1780},
  year={1997},
  publisher={MIT Press}
}

@inproceedings{chellapilla2006high,
  title={High performance convolutional neural networks for document processing},
  author={Chellapilla, Kumar and Puri, Sidd and Simard, Patrice},
  booktitle={Tenth international workshop on frontiers in handwriting recognition},
  year={2006},
  organization={Suvisoft}
}

@article{krizhevsky2012imagenet,
  title={Imagenet classification with deep convolutional neural networks},
  author={Krizhevsky, Alex and Sutskever, Ilya and Hinton, Geoffrey E},
  journal={Advances in neural information processing systems},
  volume={25},
  pages={1097--1105},
  year={2012}
}

@article{silver2016mastering,
  title={Mastering the game of Go with deep neural networks and tree search},
  author={Silver, David and Huang, Aja and Maddison, Chris J and Guez, Arthur and Sifre, Laurent and Van Den Driessche, George and Schrittwieser, Julian and Antonoglou, Ioannis and Panneershelvam, Veda and Lanctot, Marc and others},
  journal={nature},
  volume={529},
  number={7587},
  pages={484--489},
  year={2016},
  publisher={Nature Publishing Group}
}

@inproceedings{vaswani2017attention,
  title={Attention is all you need},
  author={Vaswani, Ashish and Shazeer, Noam and Parmar, Niki and Uszkoreit, Jakob and Jones, Llion and Gomez, Aidan N and Kaiser, {\L}ukasz and Polosukhin, Illia},
  booktitle={Advances in neural information processing systems},
  pages={5998--6008},
  year={2017}
}

@inproceedings{jouppi2017datacenter,
  title={In-datacenter performance analysis of a tensor processing unit},
  author={Jouppi, Norman P and Young, Cliff and Patil, Nishant and Patterson, David and Agrawal, Gaurav and Bajwa, Raminder and Bates, Sarah and Bhatia, Suresh and Boden, Nan and Borchers, Al and others},
  booktitle={Proceedings of the 44th annual international symposium on computer architecture},
  pages={1--12},
  year={2017}
}

@article{jumper2021highly,
  title={Highly accurate protein structure prediction with AlphaFold},
  author={Jumper, John and Evans, Richard and Pritzel, Alexander and Green, Tim and Figurnov, Michael and Ronneberger, Olaf and Tunyasuvunakool, Kathryn and Bates, Russ and \v{Z}\'{i}dek, Augustin and Potapenko, Anna and others},
  journal={Nature},
  volume={596},
  number={7873},
  pages={583--589},
  year={2021},
  publisher={Nature Publishing Group}
}

@inproceedings{wu2018group,
  title={Group normalization},
  author={Wu, Yuxin and He, Kaiming},
  booktitle={Proceedings of the European conference on computer vision (ECCV)},
  pages={3--19},
  year={2018}
}

### 
# Deep Learning Intro citations
###
@article{knyazev2021parameter,
  title={Parameter Prediction for Unseen Deep Architectures},
  author={Knyazev, Boris and Drozdzal, Michal and Taylor, Graham W and Romero-Soriano, Adriana},
  year={2021}
}

@article{hornik1989multilayer,
  title={Multilayer feedforward networks are universal approximators},
  author={Hornik, Kurt and Stinchcombe, Maxwell and White, Halbert},
  journal={Neural networks},
  volume={2},
  number={5},
  pages={359--366},
  year={1989},
  publisher={Elsevier}
}

@article{barron1993universal,
  title={Universal approximation bounds for superpositions of a sigmoidal function},
  author={Barron, Andrew R},
  journal={IEEE Transactions on Information theory},
  volume={39},
  number={3},
  pages={930--945},
  year={1993},
  publisher={IEEE}
}

@article{hanin2019universal,
  title={Universal function approximation by deep neural nets with bounded width and relu activations},
  author={Hanin, Boris},
  journal={Mathematics},
  volume={7},
  number={10},
  pages={992},
  year={2019},
  publisher={Multidisciplinary Digital Publishing Institute}
}

@article{yarotsky2021universal,
  title={Universal approximations of invariant maps by neural networks},
  author={Yarotsky, Dmitry},
  journal={Constructive Approximation},
  pages={1--68},
  year={2021},
  publisher={Springer}
}

@inproceedings{maron2019universality,
  title={On the universality of invariant networks},
  author={Maron, Haggai and Fetaya, Ethan and Segol, Nimrod and Lipman, Yaron},
  booktitle={International conference on machine learning},
  pages={4363--4371},
  year={2019},
  organization={PMLR}
}

@inproceedings{telgarsky2016benefits,
  title={Benefits of depth in neural networks},
  author={Telgarsky, Matus},
  booktitle={Conference on learning theory},
  pages={1517--1539},
  year={2016},
  organization={PMLR}
}

@inproceedings{sutskever2013importance,
  title={On the importance of initialization and momentum in deep learning},
  author={Sutskever, Ilya and Martens, James and Dahl, George and Hinton, Geoffrey},
  booktitle={International conference on machine learning},
  pages={1139--1147},
  year={2013},
  organization={PMLR}
}

@techreport{hinton2012neural,
  title={Neural networks for machine learning lecture 6a overview of mini-batch gradient descent},
  author={Hinton, Geoffrey and Srivastava, Nitish and Swersky, Kevin},
  year={2012}
}

@inproceedings{buber2018performance,
  title={Performance analysis and CPU vs GPU comparison for deep learning},
  author={Buber, Ebubekir and Diri, Banu},
  booktitle={2018 6th International Conference on Control Engineering \& Information Technology (CEIT)},
  pages={1--6},
  year={2018},
  organization={IEEE}
}

@inproceedings{smith2018bayesian,
  title={A Bayesian Perspective on Generalization and Stochastic Gradient Descent},
  author={Smith, Samuel L and Le, Quoc V},
  booktitle={International Conference on Learning Representations},
  year={2018}
}

@inproceedings{smith2020generalization,
  title={On the Generalization Benefit of Noise in Stochastic Gradient Descent},
  author={Smith, Samuel and Elsen, Erich and De, Soham},
  booktitle={International Conference on Machine Learning},
  pages={9058--9067},
  year={2020},
  organization={PMLR}
}


@InProceedings{pmlr-v137-huang20a,
  title = 	 {Understanding Generalization Through Visualizations},
  author =       {Huang, W. Ronny and Emam, Zeyad and Goldblum, Micah and Fowl, Liam and Terry, Justin K. and Huang, Furong and Goldstein, Tom},
  booktitle = 	 {Proceedings on "I Can't Believe It's Not Better!" at NeurIPS Workshops},
  pages = 	 {87--97},
  year = 	 {2020},
  editor = 	 {Zosa Forde, Jessica and Ruiz, Francisco and Pradier, Melanie F. and Schein, Aaron},
  volume = 	 {137},
  series = 	 {Proceedings of Machine Learning Research},
  month = 	 {12 Dec},
  publisher =    {PMLR},
}

@misc{geiping2021stochastic,
      title={Stochastic Training is Not Necessary for Generalization}, 
      author={Jonas Geiping and Micah Goldblum and Phillip E. Pope and Michael Moeller and Tom Goldstein},
      year={2021},
      archivePrefix={arXiv},
      primaryClass={cs.LG}
}

@incollection{lecun2012efficient,
  title={Efficient backprop},
  author={LeCun, Yann A and Bottou, L{\'e}on and Orr, Genevieve B and M{\"u}ller, Klaus-Robert},
  booktitle={Neural networks: Tricks of the trade},
  pages={9--48},
  year={2012},
  publisher={Springer}
}

@inproceedings{power2021grokking,
  title={Grokking: Generalization Beyond Overfitting on Small Algorithmic Datasets},
  author={Power, Alethea and Burda, Yuri and Edwards, Harri and Babuschkin, Igor and Misra, Vedant},
  booktitle={ICLR MATH-AI Workshop},
  year={2021}
}

@article{belkin2019reconciling,
  title={Reconciling modern machine-learning practice and the classical bias--variance trade-off},
  author={Belkin, Mikhail and Hsu, Daniel and Ma, Siyuan and Mandal, Soumik},
  journal={Proceedings of the National Academy of Sciences},
  volume={116},
  number={32},
  pages={15849--15854},
  year={2019},
  publisher={National Acad Sciences}
}

@article{belkin2020two,
  title={Two models of double descent for weak features},
  author={Belkin, Mikhail and Hsu, Daniel and Xu, Ji},
  journal={SIAM Journal on Mathematics of Data Science},
  volume={2},
  number={4},
  pages={1167--1180},
  year={2020},
  publisher={SIAM}
}

@inproceedings{nakkiran2019deep,
  title={Deep double descent: Where bigger models and more data hurt},
  author={Nakkiran, Preetum and Kaplun, Gal and Bansal, Yamini and Yang, Tristan and Barak, Boaz and Sutskever, Ilya},
  booktitle={ICLR},
  year={2020}
}

# wikitext-103
@techreport{merity2016pointer,
  title={Pointer sentinel mixture models},
  author={Merity, Stephen and Xiong, Caiming and Bradbury, James and Socher, Richard},
  year={2016}
}

@inproceedings{maas2011learning,
  title={Learning word vectors for sentiment analysis},
  author={Maas, Andrew and Daly, Raymond E and Pham, Peter T and Huang, Dan and Ng, Andrew Y and Potts, Christopher},
  booktitle={Proceedings of the 49th annual meeting of the association for computational linguistics: Human language technologies},
  pages={142--150},
  year={2011}
}

@inproceedings{cordts2016cityscapes,
  title={The cityscapes dataset for semantic urban scene understanding},
  author={Cordts, Marius and Omran, Mohamed and Ramos, Sebastian and Rehfeld, Timo and Enzweiler, Markus and Benenson, Rodrigo and Franke, Uwe and Roth, Stefan and Schiele, Bernt},
  booktitle={Proceedings of the IEEE conference on computer vision and pattern recognition},
  pages={3213--3223},
  year={2016}
}

@techreport{abu2016youtube,
  title={Youtube-8m: A large-scale video classification benchmark},
  author={Abu-El-Haija, Sami and Kothari, Nisarg and Lee, Joonseok and Natsev, Paul and Toderici, George and Varadarajan, Balakrishnan and Vijayanarasimhan, Sudheendra},
  year={2016}
}

@inproceedings{miech2019howto100m,
  title={Howto100m: Learning a text-video embedding by watching hundred million narrated video clips},
  author={Miech, Antoine and Zhukov, Dimitri and Alayrac, Jean-Baptiste and Tapaswi, Makarand and Laptev, Ivan and Sivic, Josef},
  booktitle={Proceedings of the IEEE/CVF International Conference on Computer Vision},
  pages={2630--2640},
  year={2019}
}

@inproceedings{harati2014tuh,
  title={The TUH EEG CORPUS: A big data resource for automated EEG interpretation},
  author={Harati, A and Lopez, S and Obeid, I and Picone, J and Jacobson, MP and Tobochnik, S},
  booktitle={2014 IEEE Signal Processing in Medicine and Biology Symposium (SPMB)},
  pages={1--5},
  year={2014},
  organization={IEEE}
}

@inproceedings{lin2014microsoft,
  title={Microsoft coco: Common objects in context},
  author={Lin, Tsung-Yi and Maire, Michael and Belongie, Serge and Hays, James and Perona, Pietro and Ramanan, Deva and Doll{\'a}r, Piotr and Zitnick, C Lawrence},
  booktitle={European conference on computer vision},
  pages={740--755},
  year={2014},
  organization={Springer}
}

@inproceedings{liu2015faceattributes,
  title = {Deep Learning Face Attributes in the Wild},
  author = {Liu, Ziwei and Luo, Ping and Wang, Xiaogang and Tang, Xiaoou},
  booktitle = {Proceedings of International Conference on Computer Vision (ICCV)},
  month = {December},
  year = {2015} 
}

@article{geiger2013vision,
  title={Vision meets robotics: The kitti dataset},
  author={Geiger, Andreas and Lenz, Philip and Stiller, Christoph and Urtasun, Raquel},
  journal={The International Journal of Robotics Research},
  volume={32},
  number={11},
  pages={1231--1237},
  year={2013},
  publisher={Sage Publications Sage UK: London, England}
}

@techreport{yu15lsun,
    Author = {Yu, Fisher and Zhang, Yinda and Song, Shuran and Seff, Ari and Xiao, Jianxiong},
    Title = {LSUN: Construction of a Large-scale Image Dataset using Deep Learning with Humans in the Loop},
    Year = {2015}
}

@inproceedings{nair2010rectified,
  title={Rectified linear units improve restricted boltzmann machines},
  author={Nair, Vinod and Hinton, Geoffrey E},
  booktitle={Icml},
  year={2010}
}

@inproceedings{ramzi2021robust,
  title={Robust and Decomposable Average Precision for Image Retrieval},
  author={Ramzi, Elias and THOME, Nicolas and Rambour, Cl{\'e}ment and Audebert, Nicolas and Bitot, Xavier},
  booktitle={Thirty-Fifth Conference on Neural Information Processing Systems},
  year={2021}
}

@article{nwankpa2018activation,
  title={Activation functions: Comparison of trends in practice and research for deep learning},
  author={Nwankpa, Chigozie and Ijomah, Winifred and Gachagan, Anthony and Marshall, Stephen},
  year={2018}
}

@techreport{tolstikhin2021mlp,
  title={Mlp-mixer: An all-mlp architecture for vision},
  author={Tolstikhin, Ilya and Houlsby, Neil and Kolesnikov, Alexander and Beyer, Lucas and Zhai, Xiaohua and Unterthiner, Thomas and Yung, Jessica and Steiner, Andreas and Keysers, Daniel and Uszkoreit, Jakob and others},
  year={2021}
}

@techreport{hendrycks2016gaussian,
  title={Gaussian error linear units (gelus)},
  author={Hendrycks, Dan and Gimpel, Kevin},
  year={2016}
}

@book{bishop1995neural,
  title={Neural networks for pattern recognition},
  author={Bishop, Christopher M and others},
  year={1995},
  publisher={Oxford university press}
}

@techreport{lin2013network,
  title={Network in network},
  author={Lin, Min and Chen, Qiang and Yan, Shuicheng},
  year={2013}
}

@inproceedings{ioffe2015batch,
  title={Batch normalization: Accelerating deep network training by reducing internal covariate shift},
  author={Ioffe, Sergey and Szegedy, Christian},
  booktitle={International conference on machine learning},
  pages={448--456},
  year={2015},
  organization={PMLR}
}

@techreport{ba2016layer,
  title={Layer normalization},
  author={Ba, Jimmy Lei and Kiros, Jamie Ryan and Hinton, Geoffrey E},
  year={2016}
}

@techreport{ulyanov2016instance,
  title={Instance normalization: The missing ingredient for fast stylization},
  author={Ulyanov, Dmitry and Vedaldi, Andrea and Lempitsky, Victor},
  year={2016}
}

@article{salimans2016weight,
  title={Weight normalization: A simple reparameterization to accelerate training of deep neural networks},
  author={Salimans, Tim and Kingma, Durk P},
  journal={Advances in neural information processing systems},
  volume={29},
  pages={901--909},
  year={2016}
}

@techreport{brock2021high,
  title={High-performance large-scale image recognition without normalization},
  author={Brock, Andrew and De, Soham and Smith, Samuel L and Simonyan, Karen},
  year={2021}
}

@article{srivastava2014dropout,
  title={Dropout: a simple way to prevent neural networks from overfitting},
  author={Srivastava, Nitish and Hinton, Geoffrey and Krizhevsky, Alex and Sutskever, Ilya and Salakhutdinov, Ruslan},
  journal={The journal of machine learning research},
  volume={15},
  number={1},
  pages={1929--1958},
  year={2014},
  publisher={JMLR. org}
}

###
# Deep Learning in MRI cites
###

#XXX revise cite
@article{Xu2020,
author = {Xu, Xiaojian and Liu, Jiaming and Sun, Yu and Wohlberg, Brendt and Kamilov, Ulugbek S.},
pages = {1--16},
title = {{Boosting the Performance of Plug-and-Play Priors via Denoiser Scaling}},
year = {2020}
}

@inproceedings{Zhang2017Learning,
author = {Zhang, Kai and Zuo, Wangmeng and Gu, Shuhang and Zhang, Lei},
booktitle = {Proceedings - 30th IEEE Conference on Computer Vision and Pattern Recognition, CVPR 2017},
pages = {2808--2817},
title = {{Learning deep CNN denoiser prior for image restoration}},
year = {2017}
}

@inproceedings{Meinhardt2017,
author = {Meinhardt, Tim and Moeller, Michael and Cremers, Daniel},
booktitle = {ICCV},
pages = {1781--1790},
title = {{Learning Proximal Operators : Using Denoising Networks for Regularizing Inverse Imaging Problems}},
year = {2017}
}

@inproceedings{Zhang2019Deep,
author = {Zhang, Kai and Zuo, Wangmeng and Zhang, Lei},
booktitle = {Proceedings of the IEEE Computer Society Conference on Computer Vision and Pattern Recognition},
pages = {1671--1681},
title = {{Deep plug-and-play super-resolution for arbitrary blur kernels}},
year = {2019}
}

@article{han2018deep,
  title={Deep learning with domain adaptation for accelerated projection-reconstruction MR},
  author={Han, Yoseob and Yoo, Jaejun and Kim, Hak Hee and Shin, Hee Jung and Sung, Kyunghyun and Ye, Jong Chul},
  journal={Magnetic resonance in medicine},
  volume={80},
  number={3},
  pages={1189--1205},
  year={2018},
  publisher={Wiley Online Library}
}

@inproceedings{Zhu2017,
booktitle = {Proceedings of the IEEE International Conference on Computer Vision},
pages = {2242--2251},
author={Jun-Yan Zhu and Taesung Park and Phillip Isola and Alexei A. Efros},
title = {{Unpaired Image-to-Image Translation Using Cycle-Consistent Adversarial Networks}},
year = {2017}
}

@inproceedings{bora2017compressed,
  title={Compressed sensing using generative models},
  author={Bora, Ashish and Jalal, Ajil and Price, Eric and Dimakis, Alexandros G},
  booktitle={International Conference on Machine Learning},
  pages={537--546},
  year={2017},
  organization={PMLR}
}

@techreport{daras2021intermediate,
  title={Intermediate layer optimization for inverse problems using deep generative models},
  author={Daras, Giannis and Dean, Joseph and Jalal, Ajil and Dimakis, Alexandros G},
  year={2021}
}

@inproceedings{Yaman2020,
author = {Yaman, Burhaneddin and Hosseini, Seyed Amir Hossein and Moeller, Steen and Ellermann, Jutta and Ugurbil, Kamil and Akcakaya, Mehmet},
booktitle = {Proceedings - International Symposium on Biomedical Imaging},
pages = {921--925},
title = {{Self-Supervised Physics-Based Deep Learning MRI Reconstruction Without Fully-Sampled Data}},
volume = {2020-April},
year = {2020}
}


@inproceedings{Hu2021,
author = {Hu, Chen and Li, Cheng and Wang, Haifeng and Liu, Qiegen and Zheng, Hairong and Wang, Shanshan},
booktitle = {MICCAI},
pages = {382--391},
title = {{Self-supervised Learning for MRI Reconstruction with a Parallel Network Training Framework Self-supervised MRI Reconstruction 383}},
volume = {12906},
year = {2021}
}


@inproceedings{Sun2020,
author = {Sun, Yu and Wang, Xiaolong and Liu, Zhuang and Miller, John and Efros, Alexei A. and Hardt, Moritz},
booktitle = {ICML},
title = {{Test-Time Training for Out-of-Distribution Generalization}},
year = {2020}
}


@inproceedings{mildenhall2020nerf,
  title={Nerf: Representing scenes as neural radiance fields for view synthesis},
  author={Mildenhall, Ben and Srinivasan, Pratul P and Tancik, Matthew and Barron, Jonathan T and Ramamoorthi, Ravi and Ng, Ren},
  booktitle={European conference on computer vision},
  pages={405--421},
  year={2020},
  organization={Springer}
}

@inproceedings{Sitzmann2020,
author = {Sitzmann, Vincent and Martel, Julien N. P. and Bergman, Alexander W. and Lindell, David B. and Wetzstein, Gordon},
booktitle = {NeurIPS},
title = {{Implicit Neural Representations with Periodic Activation Functions}},
year = {2020}
}


@article{Sun2021,
author = {Sun, Yu and Liu, Jiaming and Xie, Mingyang and Wohlberg, Brendt and Kamilov, Ulugbek S.},
journal = {IEEE Transactions on Computational Imaging},
title = {{CoIL: Coordinate-based Internal Learning for Imaging Inverse Problems}},
year = {2021}
}

@unpublished{Shen2021,
author = {Shen, Liyue and Pauly, John and Xing, Lei},
booktitle = {IEEE Transactions on Neural Networks and Learning Systems},
pages = {1--12},
title = {{NeRP : Implicit Neural Representation Learning with Prior Embedding for Sparsely Sampled Image Reconstruction}},
year = {2021}
}

@article{ongie2020deep,
  title={Deep learning techniques for inverse problems in imaging},
  author={Ongie, Gregory and Jalal, Ajil and Metzler, Christopher A and Baraniuk, Richard G and Dimakis, Alexandros G and Willett, Rebecca},
  journal={IEEE Journal on Selected Areas in Information Theory},
  volume={1},
  number={1},
  pages={39--56},
  year={2020},
  publisher={IEEE}
}

@techreport{song2021solving,
  title={Solving Inverse Problems in Medical Imaging with Score-Based Generative Models},
  author={Song, Yang and Shen, Liyue and Xing, Lei and Ermon, Stefano},
  year={2021}
}

@techreport{chung2021score,
  title={Score-based diffusion models for accelerated MRI},
  author={Chung, Hyungjin and Ye, Jong Chul},
  year={2021}
}

@techreport{xie2021neural,
      title={Neural Fields in Visual Computing and Beyond}, 
      author={Yiheng Xie and Towaki Takikawa and Shunsuke Saito and Or Litany and Shiqin Yan and Numair Khan and Federico Tombari and James Tompkin and Vincent Sitzmann and Srinath Sridhar},
      year={2021},
}

@inproceedings{Amos2017,
author = {Amos, Brandon and {Zico Kolter}, J},
booktitle = {ICML},
title = {{OptNet: Differentiable Optimization as a Layer in Neural Networks}},
year = {2017}
}

@article{Kellman2020,
author = {Kellman, Michael and Zhang, Kevin and Tamir, Jon and Bostan, Emrah and Lustig, Michael and Waller, Laura},
journal = {IEEE Transactions on Computational Imaging},
pages = {1403--1414},
title = {{Memory-efficient learning for large-scale computational imaging}},
volume = {6},
year = {2020}
}

@article{hansen2013gadgetron,
  title={Gadgetron: an open source framework for medical image reconstruction},
  author={Hansen, Michael Schacht and S{\o}rensen, Thomas Sangild},
  journal={Magnetic resonance in medicine},
  volume={69},
  number={6},
  pages={1768--1776},
  year={2013},
  publisher={Wiley Online Library}
}

@inproceedings{kobler2020total,
  title={Total deep variation for linear inverse problems},
  author={Kobler, Erich and Effland, Alexander and Kunisch, Karl and Pock, Thomas},
  booktitle={Proceedings of the IEEE/CVF Conference on Computer Vision and Pattern Recognition},
  pages={7549--7558},
  year={2020}
}

@inproceedings{bahdanau2014neural,
  title={Neural machine translation by jointly learning to align and translate},
  author={Bahdanau, Dzmitry and Cho, Kyunghyun and Bengio, Yoshua},
  year={2015},
  booktitle={ICLR},

}

@article{elad2007analysis,
  title={Analysis versus synthesis in signal priors},
  author={Elad, Michael and Milanfar, Peyman and Rubinstein, Ron},
  journal={Inverse problems},
  volume={23},
  number={3},
  pages={947},
  year={2007},
  publisher={IOP Publishing}
}

@inproceedings{cherkaoui2018analysis,
  title={Analysis vs synthesis-based regularization for combined compressed sensing and parallel MRI reconstruction at 7 tesla},
  author={Cherkaoui, Hamza and El Gueddari, Loubna and Lazarus, Carole and Grigis, Antoine and Poupon, Fabrice and Vignaud, Alexandre and Farrens, Samuel and Starck, J-L and Ciuciu, Philippe},
  booktitle={2018 26th European Signal Processing Conference (EUSIPCO)},
  pages={36--40},
  year={2018},
  organization={IEEE}
}

@inproceedings{Xu2020Second-OrderStudy,
    title = {{Second-Order Optimization for Non-Convex Machine Learning: An Empirical Study}},
    year = {2020},
    booktitle = {Proceedings of the 2020 SIAM International Conference on Data Mining},
    author = {Xu, Peng and Roosta-Khorasani, Farbod and Mahoney, Michael W},
    arxivId = {1708.07827v2}
}

@article{Berahas2021Quasi-NewtonSample,
    title = {{Quasi-Newton Methods for Machine Learning: Forget the Past, Just Sample}},
    year = {2021},
    journal = {Optimization Methods and Software},
    author = {Berahas, A S and Jahani, M and Richt{\'{a}}rik, P and Tak{\'{a}}{\v{c}}, M},
    arxivId = {1901.09997v5},
    keywords = {curvature pairs, deep learning, machine learning, quasi-Newton, sampling}
}

@article{deshmane2012parallel,
  title={Parallel MR imaging},
  author={Deshmane, Anagha and Gulani, Vikas and Griswold, Mark A and Seiberlich, Nicole},
  journal={Journal of Magnetic Resonance Imaging},
  volume={36},
  number={1},
  pages={55--72},
  year={2012},
  publisher={Wiley Online Library}
}