@misc{OECDMRI,
  title={Health at a Glance 2019: OECD Indicators - Medical technologies},
  howpublished={\href{https://www.oecd-ilibrary.org/sites/eadc0d9d-en/index.html?itemId=/content/component/eadc0d9d-en}{https://www.oecd-ilibrary.org/sites/eadc0d9d-en/index.html?itemId=/content/component/eadc0d9d-en}},
  note={Accessed: 2021-10-06},
  key={OECD Medical report 2019},
  year={2019}
}

@misc{MedDict,
  title={Definition of non-invasive in the Free Medical Dictionary},
  howpublished={\href{https://medical-dictionary.thefreedictionary.com/non-invasive}{https://medical-dictionary.thefreedictionary.com/non-invasive}},
  note={Accessed: 2021-10-07},
  key={Free Medical Dictionary},
  year={2012}
}

@book{jhbm2001questions,
  title={Questions and answers in magnetic resonance imaging},
  author={Elster, Allen D and Burdette, Jonathan H},
  year={2001},
  publisher={Mozby}
}

@misc{emri,
  title={e-MRI courses by IMAIOS},
  howpublished={\href{https://www.imaios.com/en/e-Courses/e-MRI}{https://www.imaios.com/en/e-Courses/e-MRI}},
  note={Accessed: 2021-10-08},
  key={e-MRI},
  year={2008}
}

@misc{wiki,
  title={Larmor precession Wikipedia page},
  howpublished={\href{https://en.wikipedia.org/wiki/Larmor{\_}precession}{https://en.wikipedia.org/wiki/Larmor{\_}precession}},
  note={Accessed: 2021-10-09},
  key={Larmor Precession Wikipedia},
  year={2012}
}

@misc{nhs,
  title={NHS: How it's performed - MRI scan},
  howpublished={\href{https://www.nhs.uk/conditions/mri-scan/what-happens/}{https://www.nhs.uk/conditions/mri-scan/what-happens/}},
  note={Accessed: 2021-10-11},
  key={the NHS website},
  year={2018}
}

@misc{ge,
  title        = {GE Healthcare: How much does an MRI cost?},
  howpublished = {\href{https://www.gehealthcare.com/article/how-much-does-an-mri-cost}{https://www.gehealthcare.com/article/how-much-does-an-mri-cost}},
  note         = {Accessed: 2021-10-11},
  key          = {GE Healthcare},
  year         = {2019}
}

% https://www.philips.com/c-dam/b2bhc/master/education/publications/fieldstrength/three-more-patients-pday-compressed-sense-koyasu/Three_more_MRI_patients_per_day_w_Compressed_SENSE_Koyasu_US.pdf
@article{knc,
  author = {Koyasu, Hideki and Shiba, Katsuhiro},
  title        = {KNC can scan three more patients per day with Compressed SENSE},
  journal = {FieldStrength},
  year         = {2018},
  month           = {August}
}

% https://books.google.fr/books?redir_esc=y&hl=fr&id=RKcTgTqeniwC&q=T1#v=onepage&q&f=true
@book{bushberg2011essential,
  title={The essential physics of medical imaging},
  author={Bushberg, Jerrold T and Seibert, J. Anthony and Leidholt, Edwin M Jr and Boone, John M},
  year={2011},
  publisher={Lippincott Williams \& Wilkins}
}

@misc{towards,
  title={Deep Image Quality Assessment},
  year = {2021},
  note = {Accessed: 2021-10-18},
  author = {Mikhailiuk, Aliaksei},
  howpublished = {\href{https://towardsdatascience.com/deep-image-quality-assessment-30ad71641fac}{https://towardsdatascience.com/deep-image-quality-assessment-30ad71641fac}}
}

@misc{proximity,
  title={The Proximity Operator Repository. User's guide},
  year={2016},
  note={Accessed: 2021-10-21},
  author={Chierchia, Giovanni and Chouzenoux, Emilie and Combettes, Patrick L. and Pesquet, Jean-Christophe},
  howpublished = {\href{http://proximity-operator.net/}{http://proximity-operator.net/}},
}

@misc{AIMguidelines,
  author = {AIM Specialty Health},
  title = {Clinical Appropriateness Guidelines: Advanced Imaging},
  year = 2017,
  howpublished = {\href{https://www.aimspecialtyhealth.com/PDF/Guidelines/2017/Sept05/AIM_Guidelines.pdf}{https://www.aimspecialtyhealth.com/PDF/Guidelines/2017/Sept05/AIM\_Guidelines.pdf}},
  note = {Accessed: 2019-03-26}
}

@misc{chollet2015keras,
  title={Keras},
  author={Chollet, Fran\c{c}ois and others},
  year={2015},
  howpublished={\href{https://keras.io}{keras.io}},
}

%%%%%
% For the SHINE paper
%%%%%
@misc{libsvm,
  title = {LIBSVM datasets},
  howpublished = {\href{https://www.csie.ntu.edu.tw/~cjlin/libsvmtools/datasets/}{csie.ntu.edu.tw/{~}cjlin/libsvmtools/datasets/}},
  note = {Accessed: 2021-05-06},
  author = {Fan, Rong-En},
  year = {2011}
}

@misc{SciencePlots,
  author       = {John D. Garrett and
                  Hsin-Hsiang Peng},
  title        = {{garrettj403{\/}SciencePlots}},
  month        = feb,
  year         = 2021,
  publisher    = {Zenodo},
  version      = {1.0.7},
}

@misc{Dua:2019 ,
author = "Dua, Dheeru and Graff, Casey",
year = "2017",
title = "UCI Machine Learning Repository",
institution = "University of California, Irvine, School of Information and Computer Sciences" }

@misc{colab,
  title={Google Colaboratory},
  howpublished={\href{https://colab.research.google.com/?utm_source=scs-index}{https://colab.research.google.com}},
  note={Accessed: 2021-11-15},
  key={Google Colaboratory},
  year={2019}
}

@misc{kaggle,
  title={Kaggle},
  howpublished={\href{https://www.kaggle.com/}{https://www.kaggle.com/}},
  note={Accessed: 2021-11-15},
  key={Kaggle},
  year={2010}
}

@misc{jz,
  title={Jean Zay supercomputer},
  howpublished={\href{http://www.idris.fr/}{http://www.idris.fr/}},
  note={Accessed: 2021-11-15},
  key={Jean Zay},
  year={2019}
}


@misc{kptimagenet,
  title={t-SNE visualization of CNN codes},
  author={Karpathy, Andre},
  howpublished={\href{https://cs.stanford.edu/people/karpathy/cnnembed/}{https://cs.stanford.edu/people/karpathy/cnnembed/}},
  note={Accessed: 2021-11-15},
  year={2019}
}

@misc{stanfordcnn,
  title={CS231n Convolutional Neural Networks for Visual Recognition},
  author={Li, Fei-Fei and Karpathy, Andre},
  howpublished={\href{https://cs231n.github.io/convolutional-networks}{https://cs231n.github.io/convolutional-networks}},
  note={Accessed: 2021-11-16},
  year={2015}
}

@misc{gradientcheckpointingtf,
  title={Saving memory using gradient-checkpointing},
  author={Salimans, Tim and Bulatov, Yaroslav},
  howpublished={\href{https://github.com/cybertronai/gradient-checkpointing}{https://github.com/cybertronai/gradient-checkpointing}},
  note={Accessed: 2021-11-24},
  year={2017}
}


  
  
  
  